2484 3800
367 897 409 981 Τ.
433 895 658 983 LUGRETI
690 896 815 983 CARI

229 1048 319 1147 DE
364 1048 615 1147 RERUM
660 1050 955 1150 NATURA

427 1222 560 1287 LIBER
582 1220 758 1289 SEXTUS.

142 1507 258 1569 Primae
281 1508 446 1586 frugiparos
469 1507 546 1568 letus
569 1506 742 1568 mortalibus
764 1509 860 1586 aegris

136 1596 313 1657 ‘dididerunt
336 1594 482 1674 quondam
503 1596 655 1674 praeclaro
677 1598 795 1656 nomine
816 1596 947 1657 Athenae

142 1691 173 1745 et
194 1689 401 1744 recreaverunt
422 1684 511 1743 vitam
533 1682 672 1763 legesque
695 1691 849 1765 rogarunt,

140 1779 173 1832 et
193 1774 305 1861 primae
328 1771 473 1832 dederunt
496 1771 602 1832 solacia
626 1771 722 1833 dulcia
744 1775 833 1853 ritae,

101 1877 209 1927 ocum
231 1878 359 1939 genuere
382 1861 477 1920 virum
501 1859 552 1921 tali
574 1878 642 1922 cum
664 1861 753 1922 corde
775 1868 938 1944 repertum,

141 1950 241 2009 omnia
261 1948 391 2009 veridico
414 1950 465 2026 qui
488 1948 634 2027 quondam
656 1967 692 2009 er
716 1967 766 2010 ore
786 1950 930 2031 proludit3

141 2039 240 2116 cuius,
262 2044 292 2096 et
315 2037 448 2116 extincti,
470 2043 592 2115 propter
614 2037 712 2096 divina
733 2044 851 2116 reperta

142 2123 284 2202 divolgata
307 2131 391 2184 vetus
413 2126 471 2184 iam
494 2125 530 2185 ad
553 2123 667 2184 eaelum
689 2123 781 2203 gloria
803 2124 905 2185 fertur.

140 2230 208 2272 nam
231 2230 298 2272 cum
320 2211 393 2271 vidit
414 2211 462 2272 hic
485 2212 521 2272 ad
544 2213 654 2272 rictum
677 2230 750 2291 quae
773 2211 882 2290 flagitat
904 2231 976 2274 usus

85 2317 121 2367 10
141 2301 238 2360 omnia
260 2302 319 2360 iam
342 2300 434 2360 lerme
457 2298 630 2360 mortalibus
652 2318 718 2360 esse
740 2306 854 2381 parata,

141 2395 183 2468 ot,
205 2405 348 2466 proquam
370 2394 483 2469 posset,
505 2389 593 2448 vitam
616 2389 779 2449 consistere
800 2395 907 2470 tutam,

142 2475 251 2536 divitiis
273 2475 408 2536 hominos
431 2475 592 2536 ethonore
616 2483 647 2536 et
669 2475 754 2536 laude
776 2478 905 2554 potentis

142 2563 262 2624 allluere
285 2569 372 2642 atque
394 2562 469 2624 bona
493 2570 648 2643 gnatorum
670 2563 813 2624 excellere
837 2564 926 2644 lama,

140 2669 196 2712 nec
217 2652 316 2712 minus
339 2669 406 2712 esse
428 2651 509 2711 domi
531 2653 667 2730 cuiquam
689 2658 787 2712 tamen
809 2654 895 2711 anxia
917 2651 1019 2733 corda,

84 2756 121 2806 16
140 2746 226 2819 atque
250 2741 340 2799 animi
361 2741 484 2817 ingratis
506 2740 594 2799 vitam
617 2757 723 2800 vexare
744 2736 812 2807 siue
832 2735 899 2799 ulla

139 2845 229 2905 pausa
252 2834 339 2905 atque
361 2827 478 2887 infestis
500 2829 565 2907 cogi
588 2830 700 2888 saevire
723 2824 876 2907 querellis,
965 2823 968 2828 ’

138 2914 282 2992 intellegit
304 2914 347 2974 ibi
368 2916 472 2975 vitium
494 2933 544 2975 vas
567 2915 684 2975 efficere
707 2917 818 2996 ipsum,

139 3005 293 3081 omniaque
316 3001 396 3062 illius
418 3004 489 3063 vitio
512 3005 696 3081 corrumpier
718 3004 811 3083 intus,

138 3109 213 3169 quae
236 3089 350 3151 conlata
371 3091 457 3172 loris,
480 3097 510 3150 et
531 3091 696 3172 commoda,
719 3108 844 3169 eumque
867 3093 1014 3170 venirent3

83 3194 119 3245 20
136 3181 244 3258 partim
267 3178 345 3257 quod
368 3177 479 3238 fluxum
501 3185 713 3257 pertusumque
736 3196 802 3239 esse
824 3177 954 3262 videbat,

136 3273 170 3326 ut
191 3265 270 3327 nulla
294 3272 395 3345 posset
417 3268 531 3326 ratione
553 3266 699 3344 explerier
721 3283 874 3348 umquam,

135 3357 243 3433 partim
266 3354 345 3432 quod
367 3360 462 3414 taetro
485 3355 569 3432 quasi
591 3371 787 3432 conspmoare
811 3373 915 3434 sapore

137 3445 234 3502 omnia
257 3441 410 3522 cernebat,
433 3458 634 3520 quaecumque
656 3448 822 3523 receperat,
844 3444 932 3503 intus.
