2484 3800
546 180 586 233 111
1026 182 1067 245 91

134 344 230 404 aequo
253 327 410 404 animoque
434 328 515 405 capis
538 345 686 408 securam,
709 327 810 408 stulte,
834 325 985 408 quietem?

135 416 183 473 sin
207 432 241 473 ea
265 432 340 492 quae
362 414 477 474 fructus
499 433 625 493 cumque
649 434 681 475 es
704 418 820 495 periere
842 417 976 497 profusa,
1032 438 1070 478 995

132 504 253 580 vitaque
276 504 308 561 in
331 502 484 583 offensast,
507 521 561 563 cnr
582 503 707 582 amplius
731 503 837 564 addere
861 506 992 585 quaeris,

52 606 116 657 940
133 607 257 650 rursum
284 589 362 669 quod
389 597 491 670 pereat
513 590 589 651 male
612 597 643 651 et
664 594 812 669 ingratum
835 592 948 653 occidat
970 610 1070 671 omne,

53 694 115 744 949
133 696 196 738 non
218 680 319 756 potins
340 679 417 738 vitae
440 679 529 738 linem
552 679 624 739 19919
648 687 734 758 atque
757 676 887 740 laboris?

133 784 203 827 nam
226 765 282 826 tihi
305 772 458 844 praeterea
481 766 559 844 qnod
582 767 735 827 machiner
756 769 975 848 inveniamque,

134 854 215 933 quod
238 853 364 935 placeat,
386 853 429 914 nil
452 862 510 914 est:
532 854 636 914 eadem
658 862 728 916 sunt
750 857 846 915 omnia
870 874 995 934 semper.
1031 877 1071 917 995

134 945 161 1003 91
184 942 241 1002 tibi
263 960 323 1001 non
346 944 431 1001 annis
454 961 562 1021 eorpus
584 944 643 1002 iarn
665 950 777 1003 marcet
799 950 829 1003 et
852 950 932 1003 artus

55 1031 263 1097 945999199ῑὶ
285 1030 437 1110 languent,
460 1030 563 1091 eadem
585 1037 684 1091 tamen
707 1033 804 1092 omnia
826 1037 951 1110 restant,

55 1121 235 1185 94559919
259 1120 286 1177 91
307 1136 412 1197 pergas
434 1118 557 1179 vivendo
580 1121 699 1179 vincere
722 1118 829 1199 saecla,

133 1215 224 1285 atque
247 1208 335 1267 etiam
357 1208 469 1287 potius,
492 1208 519 1266 91
540 1224 701 1285 numquam
724 1209 765 1267 sis
788 1202 970 1287 moriturus’,

135 1295 207 1374 quid
230 1293 457 1374 respondemus,
479 1296 539 1355 nisi
561 1296 669 1355 iustam
692 1295 845 1355 intendere
868 1294 949 1354 litem
1030 1316 1070 1359 955

134 1391 271 1443 naturam
294 1389 324 1442 et
345 1400 445 1442 veram
467 1381 567 1442 verbis
589 1400 737 1461 exponere
760 1379 899 1443 causam?

55 1488 116 1539 950
134 1471 276 1550 grandior
297 1470 346 1531 hic
368 1488 438 1530 vero
462 1472 489 1530 si
510 1472 570 1530 iam
593 1472 750 1548 seniorque
774 1477 914 1550 queratur
1031 1492 1070 1533 955

57 1578 112 1626 955
134 1568 224 1637 atque
247 1558 359 1618 obitum
381 1558 559 1619 lamentetur
579 1561 672 1618 miser
695 1558 819 1637 amplius
843 1576 950 1639 aequo,
1031 1580 1070 1621 955

133 1666 195 1708 959
218 1648 324 1707 merito
346 1646 485 1706 inclamet
506 1648 600 1724 magis
622 1653 653 1707 et
674 1664 745 1707 voce
768 1649 901 1726 increpet
924 1642 1006 1707 aori?
1031 1669 1069 1709 955

135 1733 232 1796 ‘auser
254 1734 361 1794 abhinc
383 1733 528 1815 lacrimas,
549 1734 671 1815 beletro,
694 1742 724 1795 et
742 1752 895 1814 compesce
916 1734 1069 1814 querellas.

134 1825 234 1884 omnia
256 1823 429 1902 perfunctus
452 1824 522 1882 vitai
544 1825 675 1902 praemia
697 1841 824 1883 marces:
1031 1844 1070 1885 955

56 1929 118 1980 955
133 1912 188 1974 991
212 1915 280 1990 quia
303 1929 421 1990 semper
444 1929 511 1970 aves
535 1911 613 1990 quod
637 1911 732 1992 abest,
757 1914 925 1992 praesentia
948 1914 1069 1992 temnis,

56 2019 114 2068 955
133 2000 298 2080 inperfecta
320 1999 375 2059 tihi
398 1998 525 2078 elapsast
546 2002 719 2078 ingrataque
741 2001 814 2080 rita,

135 2096 167 2150 et
188 2089 378 2166 necopinanti
399 2105 480 2147 mors
503 2087 539 2147 ad
562 2095 649 2166 caput
672 2087 784 2147 adstitit
807 2093 873 2148 ante

134 2195 224 2256 quam
247 2182 329 2235 satur
351 2193 385 2235 99
407 2175 513 2253 plenus
535 2177 633 2254 possis
657 2174 808 2235 discedere
832 2193 941 2235 rernm.
1031 2196 1070 2236 seo

134 2283 215 2325 nuno
238 2262 333 2324 aliena
353 2270 404 2324 tna
426 2271 525 2323 tamen
547 2270 642 2324 aetate
666 2265 763 2322 omnia
785 2265 870 2322 mitte

58 2370 118 2421 960
134 2370 230 2431 aequo
253 2354 422 2432 animoque,
450 2350 587 2432 agedum,
610 2353 705 2429 gnatis
729 2350 870 2411 concede:
898 2345 1070 2410 necessest?

59 2457 115 2507 959
134 2444 216 2521 iure,
238 2447 272 2500 ut
295 2442 413 2520 opinor,
436 2445 515 2519 agat,
536 2441 601 2499 iure
625 2441 759 2517 increpet
780 2437 953 2516 inciletque:

134 2528 216 2589 cedit
238 2530 317 2588 enim
340 2545 441 2587 rerum
463 2529 591 2587 novitate
615 2534 733 2587 extrusa
757 2532 886 2586 vetustas

134 2634 267 2696 semper,
291 2623 320 2676 et
343 2634 379 2675 ex
401 2614 467 2675 aliis
490 2614 568 2674 aliud
591 2633 728 2693 reparare
752 2621 911 2675 necessest.
1032 2634 1071 2675 955

133 2723 191 2765 999
214 2706 369 2783 quisquam
394 2705 426 2763 in
448 2702 619 2762 barathrum
641 2721 697 2763 nec
715 2703 835 2763 Tartara
858 2701 976 2762 deditur
994 2707 1069 2760 atra:

59 2808 117 2861 965
133 2795 275 2853 materies
298 2810 373 2870 opus
395 2798 454 2871 est,
476 2799 510 2851 ut
532 2799 668 2850 crescant
688 2797 806 2869 postera
830 2789 936 2869 saecla3

60 2897 114 2947 995
136 2898 212 2960 quae
235 2887 333 2940 tamen
356 2881 455 2939 omnia
476 2886 506 2939 te
528 2881 587 2938 vita
609 2879 763 2957 perfuncta
787 2885 960 2957 sequentur:

134 2987 192 3029 nec
209 2970 309 3028 minus
327 2985 397 3046 ergo
416 2974 483 3028 ante
501 2967 575 3026 haec
595 2985 683 3044 quarn
696 2973 729 3026 tn
743 2966 877 3027 cecidere
899 2965 1069 3044 cadentque.

135 3058 180 3116 sic
203 3056 261 3116 alid
285 3075 320 3116 ex
344 3056 401 3116 alio
423 3073 583 3133 numquam
606 3054 730 3115 desistet
753 3057 838 3134 oriri,
1030 3076 1070 3116 oro

133 3147 252 3222 vitaque
275 3145 421 3222 mancipio
444 3142 519 3203 nulli
541 3143 639 3222 datur,
662 3142 799 3202 omnibus
822 3160 887 3202 999.

60 3249 118 3300 970
135 3235 252 3311 respice
275 3234 346 3292 item
371 3249 458 3310 quam
480 3229 523 3290 nil
545 3230 582 3291 ad
604 3248 659 3291 nos
682 3237 758 3295 ante.
772 3237 835 3290 acta
857 3236 986 3290 vetustas

60 3338 114 3389 ero
134 3322 278 3399 temporis
301 3321 415 3380 aeterni
437 3320 538 3399 luerit,
561 3335 649 3397 quam
671 3321 821 3379 nascimur
843 3325 918 3378 ante.

133 3409 191 3468 hoc
212 3410 304 3487 igitur
326 3406 479 3487 speculum
501 3406 587 3467 nohis
610 3413 715 3468 natura
737 3407 830 3468 loturi

133 3499 277 3576 temporis
301 3498 421 3576 exponit
442 3503 510 3575 post
531 3503 657 3556 mortem
681 3495 808 3575 denique
831 3500 970 3554 nostram.
1030 3513 1069 3554 955
