2484 3800
257 302 286 355 et
308 293 456 357 sollertius
478 304 524 355 est
545 293 637 355 multo
659 311 752 372 genus
775 311 861 353 omne
884 293 981 375 virile,

169 390 240 441 1355
257 380 400 461 agricolae
424 382 516 443 donec
538 384 608 442 vitio
631 388 746 441 vertere
769 384 878 462 severi,

171 478 291 536 131511
312 468 505 530 muliebribus
528 470 558 529 id
580 469 717 529 manibus
739 469 902 529 concedere
923 468 1033 529 vedent

257 565 343 636 atque
367 559 425 636 ipsi
446 560 557 636 pariter
579 558 686 618 durum
709 558 833 617 sufferre
855 557 999 637 laborem,

257 652 344 725 atque
367 664 455 724 opere
478 648 509 705 in
528 645 601 705 duro
620 645 764 706 durarunt
780 645 913 705 membra
929 663 1102 723 manusque
1118 667 1171 707 asso

1234 2 1236 66 l

171 149 232 213 1oa
556 96 562 111 ’
651 147 678 203 v
1234 123 1236 252 l

1234 423 1235 460 1

299 734 337 794 At
359 736 509 812 specimen
531 735 653 793 sationis
675 740 706 793 et
727 734 877 793 insitionis
899 734 981 811 origo

137 900 142 913 ι
169 827 243 879 1300
259 824 322 900 ipsa
344 822 400 883 luit
421 839 521 881 rerum
543 823 672 899 primum
694 828 799 882 natura
821 823 961 900 creatrix,

172 926 239 975 1350
257 908 412 970 arboribus
435 910 573 988 quoniam
595 908 683 969 bacae
706 908 885 987 glandesque
907 908 1033 969 caducae

257 999 430 1075 tempestiva
452 996 559 1057 dabant
580 996 727 1075 pullorum
749 998 883 1056 examina
905 1004 1021 1076 supter3

256 1085 334 1145 unde
357 1087 445 1145 etiam
467 1084 611 1145 libitumst
634 1086 735 1163 stirpis
758 1086 941 1144 committere
964 1086 1055 1143 ramis
1115 1104 1165 1145 roso
1234 1065 1235 1152 l

257 1180 287 1233 et
309 1191 382 1232 nova
405 1172 542 1233 defodere
565 1174 596 1231 in
617 1179 728 1232 terram
750 1171 876 1250 virgulta
897 1190 952 1250 per
974 1189 1069 1250 agros
1234 1185 1235 1262 p

170 1268 241 1319 1305
258 1261 327 1321 inde
349 1259 434 1320 aliam
457 1268 544 1338 atque
567 1259 654 1319 aliam
676 1259 820 1321 culturam
842 1260 937 1319 dulcis
959 1258 1045 1338 agelli
1234 1323 1235 1340 ἶ

172 1365 238 1415 13⁶5
257 1347 438 1427 temptabant
459 1348 631 1426 fructusque
653 1347 733 1407 leros
754 1365 959 1407 mansuescere
982 1354 1093 1407 terram
1234 1343 1235 1432 l

258 1436 417 1497 cernebant
437 1435 615 1514 indulgendo
637 1434 801 1514 blandeque
826 1435 956 1495 colendo.

257 1528 346 1603 inque
369 1524 433 1583 dies
455 1526 548 1601 magis
570 1526 601 1583 in
624 1531 754 1583 montem
776 1523 934 1583 succedere
958 1522 1046 1582 silvas
1114 1544 1162 1583 auo

257 1610 400 1689 cogebant
420 1612 553 1689 infraque
576 1610 674 1671 locum
696 1611 861 1671 concedere
880 1611 980 1692 cultis,
1079 1668 1085 1680 ,

172 1708 244 1758 1370
259 1706 341 1778 prata
363 1697 444 1759 lacus
466 1701 545 1758 rivos
568 1706 683 1777 segetes
705 1701 860 1777 vinetaque
882 1697 958 1758 laeta

172 1805 239 1854 1360
259 1785 435 1847 collibuset
456 1788 567 1865 campis
588 1794 622 1847 ut
643 1785 797 1868 baberent,
820 1794 906 1865 atque
929 1784 1061 1846 olearum

258 1873 374 1936 caerula
396 1874 579 1953 distinguens
602 1876 681 1934 inter
702 1873 785 1953 plaga
808 1892 928 1935 currere
950 1881 1053 1953 posset

257 1981 312 2042 per
332 1961 460 2022 tumulos
483 1970 513 2023 et
535 1961 674 2022 convallis
696 1981 872 2041 camposque
894 1962 1028 2043 prolusa3
1115 1983 1162 2024 111

257 2057 291 2112 11
312 2068 390 2110 1111
414 2069 479 2110 esse
501 2051 583 2110 vides
605 2053 686 2110 vario
708 2050 846 2110 distincta
868 2049 968 2129 lepore

171 2146 243 2198 1375
259 2141 368 2220 omnia,
391 2157 465 2217 quae
488 2141 584 2216 pomis
606 2139 742 2198 intersita
764 2137 900 2198 dulcibus
923 2144 1029 2197 omant

173 2242 240 2294 1365
259 2227 444 2306 arbustisque
467 2233 569 2286 tenent
590 2225 725 2285 felicibus
747 2227 842 2304 opsita
865 2228 985 2286 circum.

300 2315 337 2374 At
359 2313 486 2392 liquidas
508 2315 604 2373 avium
627 2331 714 2373 voces
735 2315 879 2373 imitarier
901 2331 952 2373 ore

259 2410 325 2462 ante
348 2402 404 2463 luit
425 2400 517 2462 multo
540 2419 628 2479 quam
650 2400 724 2460 levia
746 2403 876 2461 carmina
897 2407 986 2461 cantu
1114 2424 1162 2464 uso

259 2488 463 2550 concelebrare
486 2489 620 2548 homines
643 2496 765 2567 possent
786 2491 925 2567 aurisque
948 2491 1056 2549 invare.

171 2585 287 2638 133011
309 2577 441 2657 zephyri,
463 2595 531 2636 cava
553 2595 607 2655 per
630 2575 820 2658 calamorum,
843 2575 929 2636 sibila
950 2578 1080 2654 primum

172 2683 240 2733 1310
258 2667 382 2744 agrestis
405 2664 531 2725 docuere
554 2682 639 2724 cavas
660 2663 762 2724 inflare
785 2665 905 2724 cicutas.

258 2754 326 2814 inde
349 2754 515 2813 minutatim
538 2751 632 2812 didcis
655 2751 785 2811 didicere
809 2751 966 2833 querellas,

258 2841 330 2902 tibia
354 2853 426 2920 quas
449 2839 545 2900 fundit
568 2839 668 2918 digitis
690 2838 804 2917 pulsata
826 2846 995 2919 canentum,
1113 2862 1161 2904 aas
1234 2904 1235 2913 ,

258 2932 320 2990 avia
342 2947 397 3007 per
419 2946 539 2988 nemora
562 2946 594 2986 ac
618 2926 705 2986 silvas
728 2926 877 3006 saltusque
901 2934 1047 3008 repertas,

170 3025 241 3078 1385
257 3036 311 3097 per
333 3017 396 3076 loca
418 3024 568 3094 pastorum
592 3014 708 3074 deserta
731 3020 817 3093 atque
841 3018 899 3075 otia
922 3015 978 3074 dia.
1113 3040 1161 3079 111

172 3123 239 3172 1376
258 3106 330 3165 baec
353 3107 466 3164 animos
489 3102 554 3162 ollis
578 3102 745 3162 mulcebant
766 3109 854 3181 atque
877 3102 1015 3163 iuvabant
1113 3128 1162 3168 nso
1234 3102 1235 3157 J

259 3211 325 3253 cum
348 3193 450 3252 satiate
474 3191 545 3251 cibi:
568 3208 636 3250 nam
658 3197 721 3250 tam
744 3197 813 3250 sunt
835 3192 965 3250 carmina
986 3191 1076 3252 cordi.

170 3289 244 3340 1390
257 3297 344 3358 saepe
367 3281 466 3356 itaque
489 3281 621 3338 interae
644 3281 785 3356 prostrati
807 3281 838 3338 in
860 3281 992 3357 gramine
1015 3279 1095 3340 molli

257 3374 378 3447 propter
402 3384 492 3443 aquae
515 3368 608 3425 rivom
632 3365 687 3425 sub
710 3369 800 3426 ramis
823 3366 938 3428 arboris
961 3367 1035 3428 altae

408 3449 521 3534 [1388,
541 3450 640 3530 1389]
656 3480 696 3502 =
714 3451 927 3535 1452,.1453.
