2484 3800
143 137 206 201 106
628 136 666 191 IV

211 290 241 343 et
263 286 385 362 vestigia
406 292 507 345 nostra
530 285 615 363 sequi
637 291 809 363 gestumque
832 283 954 362 imitari3
1106 299 1148 341 333

211 377 279 432 aera
302 374 328 431 si
350 372 448 433 credis
470 376 617 452 privatum
639 372 750 433 lumine
773 389 859 452 posse

141 475 192 525 353
211 459 380 541 indugredi,
403 468 499 522 motus
521 461 675 521 hominum
697 470 870 539 gestumque
894 463 1079 536 sequentem:

140 562 276 612 3333331
298 547 341 608 nil
363 566 429 609 esse
450 556 549 628 potest
570 548 650 609 aliud
675 551 734 609 nisi
756 548 866 608 lumine
890 562 990 606 cassus

211 639 262 694 333
284 635 314 695 id
337 637 414 714 quod
437 655 492 697 nos
515 636 651 698 umbram
672 635 828 716 perhibere
851 639 980 695 suemus.

210 724 363 805 nimirum,
386 727 454 803 quia
476 732 557 785 terra
579 725 651 786 locis
675 744 711 785 ox
734 724 836 784 ordine
860 725 950 783 certis
1108 740 1152 781 333

211 809 321 871 lumine
344 815 477 891 privatur
499 812 570 873 solis
594 830 778 893 quacumque
801 818 933 871 meantes

141 914 193 964 355
212 899 369 981 officimus,
394 899 526 980 repletur
546 904 619 961 item
642 901 722 980 quod
744 900 885 979 liquimus
906 900 986 978 eius,

141 993 366 1065 371propterea
388 989 423 1048 fit
443 991 489 1049 uti
509 989 657 1069 videatur,
680 1007 754 1068 quae
777 989 832 1048 1313
854 986 958 1048 umbra

212 1077 358 1156 corporis,
380 1094 397 1136 3
420 1079 540 1154 regione
563 1077 666 1137 eadem
688 1095 744 1137 nos
765 1094 860 1154 usqne
884 1083 993 1135 secuta.

212 1180 329 1241 semper
350 1165 430 1223 enim
452 1182 526 1224 nova
549 1183 581 1226 se
603 1165 754 1225 radiorum
776 1164 887 1225 lumina
910 1162 1036 1223 fundunt
1109 1180 1153 1222 333

211 1252 364 1328 primaque
387 1251 572 1333 dispereunt,
595 1256 681 1331 quasi
703 1256 735 1312 in
757 1254 856 1331 ignem
879 1251 944 1311 lana
966 1250 1110 1311 trahatur.

141 1353 194 1402 333
211 1345 369 1416 propterea
390 1338 475 1399 facile
498 1347 528 1400 et
551 1340 694 1419 spoliatur
716 1340 827 1400 lumine
850 1347 943 1419 terra,

141 1440 197 1491 376
211 1432 241 1484 et
262 1424 393 1503 repletur
415 1429 487 1487 item
508 1430 667 1507 nigrasque
691 1427 749 1488 sibi
772 1428 864 1489 abluit
887 1426 1016 1487 umbras.

256 1511 316 1572 Nec
338 1520 437 1573 tamen
458 1514 507 1575 hic
530 1516 631 1576 oculos
654 1515 716 1576 falli
738 1516 929 1576 concedimus
952 1514 1054 1575 hilum.

211 1616 279 1657 nam
302 1618 485 1680 quocumque
508 1602 573 1664 loco
596 1606 636 1663 sit
657 1604 708 1664 lux
730 1611 818 1683 atque
841 1603 946 1664 umbra
972 1604 1051 1663 tueri
1110 1625 1155 1665 333

211 1684 370 1747 iliorumst:
394 1689 496 1749 eadem
518 1709 588 1751 vero
612 1693 673 1752 sint
694 1691 805 1752 lumina
826 1710 935 1772 necne,

142 1787 194 1837 335
211 1772 374 1852 umbraque
396 1794 470 1854 quae
493 1778 549 1837 fuit
570 1778 619 1839 hic
642 1779 745 1839 eadem
768 1798 848 1839 nunc
870 1785 1002 1839 transeat
1024 1778 1095 1839 illuc

142 1875 249 1926 33133
270 1863 368 1938 potius
391 1863 442 1924 dat
462 1865 550 1943 panio
574 1867 653 1945 quod
677 1867 805 1928 diximus
828 1874 909 1948 ante,

212 1947 269 2007 hoc
291 1951 381 2018 animi
403 1950 521 2013 demum
542 1957 618 2014 ratio
641 1954 811 2016 discernere
835 1955 936 2036 debet,

212 2053 268 2095 nec
289 2045 413 2115 possunt
435 2040 514 2100 oculi
535 2049 670 2102 naturam
692 2061 815 2104 noscere
838 2062 948 2104 rerum.
1112 2066 1156 2106 333

212 2123 335 2200 proinde
357 2127 448 2186 animi
470 2129 573 2188 vitium
595 2129 652 2190 hoc
675 2130 770 2191 oculis
793 2131 942 2210 adfingere
966 2131 1036 2192 noli.

143 2225 194 2274 333
213 2226 269 2288 qua
293 2212 427 2273 vehimur
449 2218 529 2296 navi,
551 2217 660 2298 fertur,
683 2236 751 2279 cum
775 2226 853 2279 33333
876 2219 1007 2280 videtur:

143 2309 198 2361 333
212 2315 285 2374 quae
307 2307 407 2360 manet
428 2303 459 2360 in
482 2304 620 2385 statione,
644 2323 679 2365 33
701 2313 820 2385 praeter
842 2307 976 2368 creditur
998 2310 1053 2368 ire.

212 2391 242 2444 et
264 2384 365 2463 sugere
388 2386 425 2447 ad
445 2392 569 2468 puppim
591 2391 681 2452 331133
704 2397 860 2474 campique
884 2394 1038 2477 videntur,

212 2488 285 2548 quos
308 2475 421 2550 agimus
443 2484 561 2553 praeter
582 2497 686 2540 navem
709 2480 842 2560 velisque
865 2482 1006 2544 volamus.
1112 2507 1156 2546 333

213 2556 309 2618 sidera
332 2578 448 2622 cessare
471 2564 609 2626 aetheriis
633 2568 727 2629 adfixa
750 2573 885 2630 cavernis

143 2657 194 2704 335
213 2652 316 2705 cuncta
336 2647 486 2730 videntur,
509 2658 539 2711 et
561 2653 685 2715 adsiduo
709 2664 779 2717 sunt
802 2661 900 2718 omnia
922 2666 1020 2739 motu,

143 2731 446 2811 391quandoquidem
469 2736 571 2816 longos
595 2740 692 2802 obitus
716 2751 818 2805 exorta
842 2749 990 2827 revisunt,

213 2833 279 2874 cum
301 2837 456 2896 permensa
479 2842 532 2885 sno
556 2834 626 2888 sunt
648 2829 762 2890 caelum
785 2850 910 2912 corpore
935 2833 1025 2894 claro.

213 2900 312 3000 solque
335 2910 400 2983 pari
421 2913 533 2972 ratione
556 2932 676 2977 manere
700 2925 730 2978 et
752 2918 821 2980 luna
844 2921 984 2982 videntur
1114 2945 1157 2986 sos

213 3003 244 3044 m
266 2993 403 3074 statione,
426 3015 459 3056 33
482 3018 556 3077 quae
580 3002 652 3063 13331
675 3023 723 3066 333
746 3008 859 3068 1331333
882 3011 955 3088 ipsa.

143 3084 195 3133 333
213 3079 411 3174 exstantisque
433 3086 536 3161 procul
557 3090 656 3151 medio
680 3093 716 3153 de
740 3098 856 3174 gurgite
880 3099 991 3157 montis

143 3169 199 3221 333
214 3156 355 3258 classibus
378 3168 456 3228 inter
477 3191 551 3250 quos
574 3175 649 3260 liber
670 3188 751 3258 patet
774 3185 872 3244 exitus
895 3187 1016 3266 ingens,

212 3245 307 3306 maula
329 3254 493 3318 coniunctis
515 3269 613 3323 tamen
637 3284 672 3325 ex
694 3268 741 3328 his
764 3288 823 3330 una
848 3272 974 3333 videtur.

213 3333 286 3390 atria
308 3342 419 3398 versari
442 3351 471 3402 33
493 3349 725 3414 circumcursare
748 3356 903 3420 columnae
1117 3384 1161 3425 40⁰

215 3434 306 3494 nsque
329 3422 401 3482 adeo
423 3428 455 3487 tit
477 3436 522 3492 uti
543 3441 644 3512 pueris
667 3442 834 3526 videantur,
858 3447 911 3507 ubi
934 3450 995 3528 ipsi
