2484 3800
185 167 288 221 XXXII
547 164 831 220 PROLEGOMENA.

275 313 351 373 Sunt
386 319 483 373 autem
504 311 593 372 'duae
630 329 691 390 res,
727 310 834 390 quihus
870 319 938 391 post
974 311 1198 373 Lachmannum

186 401 307 462 Lucreti
325 401 454 460 editores
473 402 557 477 quasi
579 401 611 458 in
629 406 747 478 patente
765 399 902 460 licentiae
921 418 1024 479 campo
1043 419 1103 460 non
1125 394 1203 460 raro'

188 489 310 550 eliusius
324 495 478 549 curreutes
493 487 672 548 ceciderunt.
705 505 771 547 cum
788 490 867 548 enim
881 487 1061 549 Lachmanni
1074 491 1197 567 ingenio

187 578 296 639 iactum
315 583 403 657 esset,
421 582 454 636 ut
472 576 542 654 quid
564 577 596 635 in
616 593 732 654 quaque
751 574 902 655 archetypi
921 578 1027 655 pagina
1050 579 1198 656 scriptum

187 666 292 726 inisset
319 672 348 725 et
367 682 424 742 quo
449 666 591 742 cuiusque
609 665 732 743 paginae
756 663 820 724 loco
844 666 969 743 quisque
991 683 1096 725 versus
1120 668 1197 725 erti-

187 756 273 814 tisset
292 755 362 813 sciri
375 757 484 832 posset,
499 769 625 830 cumque
643 752 722 811 idem
742 750 972 813 demonstrasset
985 751 1199 813 nonnullarum

187 844 359 920 paginarum
391 847 489 919 partes
521 840 638 900 intimas
669 841 811 900 rescissas
843 841 948 922 fuisse,
974 841 1109 901 nonnulli
1138 844 1200 901 viri

188 931 267 990 docti
289 932 320 990 in
342 928 487 1009 versibus,
511 946 585 1006 quos
607 930 639 987 in
663 927 807 989 eiusmodi
830 928 981 1008 archetypi
1003 928 1077 989 locis
1100 932 1199 1008 scrip-

186 1027 233 1080 tos
264 1019 356 1078 facisse
388 1019 502 1077 ratione
535 1015 679 1078 subducta
710 1018 896 1097 invenerant,
922 1035 960 1076 ne
990 1016 1201 1079 audacissimis

188 1107 308 1186 quidem
333 1104 546 1166 mutationibus
575 1103 782 1164 abstinendum
812 1111 967 1185 putarunt,
994 1123 1028 1166 ea
1059 1124 1200 1166 nonnun-

189 1213 276 1274 quam
303 1196 506 1272 immutantes,
533 1210 608 1271 quae
636 1194 791 1252 sanissima
822 1211 888 1253 esse
919 1201 986 1272 post
1011 1193 1200 1255 intellectum

188 1290 242 1343 est.
283 1281 369 1342 aliam
396 1281 537 1359 peccandi
560 1282 811 1359 opportunitatem
833 1281 1040 1359 glossematum
1064 1285 1199 1361 suspicio

188 1369 282 1450 dedit,
309 1368 345 1429 ad
374 1386 460 1448 quam
488 1374 557 1428 sunt
584 1370 636 1446 qui
663 1370 752 1428 nimis
778 1367 863 1429 facile
891 1370 1050 1448 confugere
1073 1370 1200 1431 soleant.

189 1465 235 1518 est
262 1464 359 1518 autem
387 1459 418 1515 in
446 1462 507 1516 toto
531 1457 661 1515 carmine
688 1474 726 1516 ne
753 1474 846 1516 unum
868 1456 987 1536 quidem
1010 1458 1199 1537 glossematis

189 1547 360 1624 vestigium
382 1552 504 1604 certum.
554 1545 679 1621 inquo
712 1562 819 1622 genere
851 1547 896 1604 vir
927 1545 999 1607 alias
1031 1549 1188 1608 acutissim

190 1633 294 1695 iudicii
329 1640 359 1692 et
396 1650 525 1692 summae
561 1630 735 1710 prudentiae
767 1631 945 1712 Beruaysius
980 1653 1051 1714 prae
1086 1637 1199 1695 ceteris

188 1723 320 1803 peccavit
347 1722 517 1800 insigniter,
540 1738 607 1780 cum
635 1720 839 1799 praef.le
866 1724 986 1801 scripsit
1013 1722 1030 1782 l.
1053 1722 1080 1782 11
1101 1742 1127 1782 v.
1153 1722 1201 1783 42

189 1807 322 1889 Fpioum
336 1826 401 1868 esse
416 1807 560 1886 glossema
570 1807 605 1868 ah
615 1809 700 1868 initio
711 1808 746 1867 ad
755 1805 902 1870 subedies
912 1808 1102 1891 adscriptum,
1111 1815 1213 1895 quasi,

191 1916 366 1979 quemquam
394 1898 512 1957 omnino
536 1895 571 1957 ad
594 1914 713 1957 carmen
735 1895 943 1958 Lucretianum
966 1896 1123 1977 legendum
1149 1899 1204 1961 ad-

190 2004 324 2066 gressum
343 2003 408 2045 esse
427 1984 568 2046 credibile
593 1986 640 2064 sit,
663 1987 714 2063 qui
738 1985 808 2064 quid
831 1993 931 2047 essent
951 1984 1092 2048 substitio
1113 1990 1204 2066 igno-

190 2082 277 2136 raret.
326 2076 385 2134 iam
415 2080 487 2153 puto
519 2075 667 2133 neminem
699 2076 875 2134 miraturum
907 2093 988 2155 esse,
1011 2074 1089 2153 quod
1119 2077 1203 2136 intra

191 2161 336 2224 eiusmodi
362 2164 493 2243 inventa,
520 2163 552 2221 in
579 2160 686 2239 quihus
712 2163 804 2221 nimia
831 2165 870 2222 sit
897 2162 1028 2244 licentia,
1055 2162 1203 2243 pleraque

189 2270 227 2313 ne
264 2252 553 2312 commemoraverim
585 2245 713 2327 quidem.
778 2251 850 2310 haec
886 2250 922 2310 de
958 2250 1086 2332 legibus,
1125 2271 1203 2331 quas

190 2342 376 2420 potissimum
399 2340 430 2397 in
454 2339 583 2397 carmine
607 2336 790 2397 emendando
814 2345 932 2399 secutus
956 2357 1030 2399 sum.

279 2428 342 2499 Quo
361 2429 393 2487 in
409 2428 527 2504 negotio
546 2424 681 2505 pluribus
701 2425 773 2485 locis
791 2443 851 2485 non
869 2425 1059 2487 mediocriter
1077 2427 1202 2488 adiutus

192 2534 258 2577 sum
276 2514 468 2595 epistulamm
491 2515 677 2593 commercio,
700 2511 778 2591 quod
801 2513 874 2573 mihi
897 2532 963 2575 cum
983 2513 1087 2575 Carolo
1111 2514 1210 2575 Gius»

192 2621 262 2664 sano
290 2605 346 2664 fuit
371 2601 594 2682 Mediolanensi,
619 2602 682 2660 viro
710 2608 743 2661 ut
770 2603 916 2680 imprimis
944 2602 1030 2663 docto
1058 2609 1089 2662 et
1112 2614 1203 2664 acuto

106 2692 113 2728 ·’
191 2694 231 2751 ita
267 2692 493 2769 humanissimo,
529 2691 580 2768 qui
616 2706 683 2749 cum
719 2690 890 2768 propediem
922 2689 1093 2751 Lucretium
1131 2711 1204 2752 cum

192 2780 402 2840 commentario
434 2777 533 2838 italice
564 2778 673 2855 scripto
706 2776 741 2837 ah
774 2796 806 2837 se
839 2778 950 2838 editum
978 2780 1016 2838 iri
1042 2779 1117 2839 mihi
1145 2799 1209 2859 per

191 2868 305 2928 litteras
336 2868 514 2945 nuntiasset,
546 2866 824 2925 communicavimus
856 2868 935 2926 inter
961 2884 1029 2947 nos,
1062 2867 1134 2946 quid
1164 2869 1209 2942 del

191 2956 264 3016 locis
297 2972 357 3015 non
382 2956 484 3033 paucis
512 2955 698 3014 sentiremus.
752 2956 838 3015 cuius
864 2956 921 3013 viri
949 2972 1103 3015 assensum
1131 2974 1205 3017 cum

191 3044 313 3123 plurimi
335 3043 448 3122 faciam,
470 3059 530 3102 non
552 3059 619 3101 raro
642 3044 761 3102 nomine
785 3045 850 3103 eius
873 3042 986 3103 adiecto
1010 3061 1026 3102 a
1049 3061 1097 3104 me
1121 3045 1193 3105 indi

193 3134 254 3192 cari
275 3130 397 3191 videhis.

279 3219 313 3279 ln
332 3219 566 3297 orthographicis
584 3218 667 3278 nolui
685 3218 800 3296 longius
819 3237 835 3278 a
852 3217 1033 3279 Lachmanni
1045 3219 1193 3300 Bernays'

191 3308 344 3368 Munronis
372 3306 521 3367 scribendi
549 3309 662 3367 ratione
689 3308 708 3367 i.
732 3325 757 3366 e.
785 3325 802 3366 a
826 3305 969 3367 librorum
991 3325 1080 3367 mauu
1104 3312 1170 3368 scri

191 3404 290 3457 torum
309 3397 487 3475 optimorum
506 3393 562 3455 lide
581 3394 748 3476 discedere,
768 3412 893 3473 quorum
911 3398 1150 3457 auctoritatemc

193 3484 257 3545 aliis
280 3486 311 3543 in
334 3483 509 3544 robustum
533 3485 621 3543 etiam
644 3485 675 3543 in
695 3484 919 3544 consonantium
937 3480 1206 3728 assmssfflonibup

1203 3747 1205 3798 l
