2484 3800
142 150 207 213 110
627 146 666 199 IV

211 294 260 355 illa
282 293 366 354 tibist
388 295 479 371 igitur
501 293 658 354 verborum
680 296 765 372 copia
787 312 871 354 cassa

141 399 193 450 455
212 385 321 462 551515,
345 400 419 460 quae
442 388 544 442 contra
566 399 672 442 sensus
695 385 839 442 instructa
861 388 999 461 paratast.

142 488 192 538 511
211 471 339 549 denique
362 472 449 530 utin
472 469 595 550 fabrica,
618 473 644 529 si
666 478 784 549 pravast
806 470 907 548 regula
929 472 1037 549 prima,

212 576 373 636 normaque
396 560 422 617 si
445 557 529 617 fallax
553 560 643 618 rectis
667 557 838 637 regionibus
862 560 936 638 exit,

213 654 243 707 et
265 646 362 706 libella
385 646 481 724 aliqua
504 647 530 705 si
553 664 588 705 ex
610 649 689 725 parti
711 646 855 707 claudicat
876 645 984 725 hilum,
1107 666 1144 707 515

213 736 310 795 omnia
332 733 472 794 mendose
495 735 560 793 fieri
583 741 670 813 atque
694 734 809 813 obstipa
831 742 984 795 necessest

143 839 195 889 555
212 841 301 902 51515
323 822 460 883 cubantia
481 840 574 901 prona
597 825 702 901 supina
724 830 811 901 atquc
835 822 944 883 absona
967 829 1056 902 tecta,

144 914 272 979 5151551
294 928 382 971 15515
404 919 438 970 ut
460 909 602 988 quaedam
625 910 778 970 videantur
800 910 887 991 velle,
910 918 1056 989 ruantque

212 999 329 1079 prodita
351 998 469 1060 iudiciis
492 998 643 1059 fallacibus
667 1000 891 1077 5515155111515
915 1032 957 1041 —

215 1090 258 1148 sic
280 1089 370 1165 igitur
392 1089 468 1146 ratio
491 1086 546 1146 tibi
569 1104 669 1147 rerum
691 1106 780 1165 prava
803 1093 955 1147 necessest
1106 1108 1143 1149 515

214 1176 344 1254 falsaque
367 1176 418 1255 sit,
441 1174 522 1234 falsis
545 1192 745 1254 quaecumque
769 1174 805 1235 ab
828 1174 967 1235 sensibus
991 1181 1089 1235 ortast.

144 1279 195 1331 555
258 1263 342 1323 Nunc
365 1262 415 1322 alii
438 1280 543 1322 sensus
566 1280 625 1341 quo
647 1270 732 1341 pacto
756 1265 883 1341 quisque
907 1280 991 1323 suam
1013 1282 1076 1323 rem

144 1369 198 1419 521
215 1354 334 1431 sentiat,
356 1350 433 1411 haud
457 1369 601 1430 quaquam
625 1354 700 1411 ratio
724 1369 865 1430 scruposa
887 1350 1028 1412 relictast.

258 1439 406 1517 Principio
430 1439 548 1499 auditur
571 1457 661 1499 sonus
684 1445 714 1498 51
736 1457 792 1499 vox
816 1442 924 1520 omnis,
946 1442 978 1498 in
1001 1442 1081 1499 auris

214 1530 363 1587 insinuata
384 1545 438 1587 suo
461 1526 601 1605 pepulere
625 1526 678 1586 ubi
700 1545 823 1607 corpore
848 1545 976 1588 sensum.
1109 1550 1144 1591 555

187 1615 189 1620 ’
215 1633 386 1693 corpoream
408 1631 508 1676 vocem
530 1633 646 1694 quoque
669 1617 748 1675 enim
771 1622 906 1676 constare
929 1616 1108 1677 fatendumst

145 1710 246 1769 51551
268 1705 410 1782 55511515,
434 1705 572 1781 quoniam
593 1710 719 1781 possunt
741 1703 882 1782 inpellere
907 1722 1022 1764 sensus.

146 1806 200 1857 526
213 1798 366 1869 praeterea
387 1790 464 1850 radit
486 1809 542 1849 vox
565 1791 665 1851 fauces
688 1810 788 1872 saepe,
811 1792 938 1870 facitque

216 1880 366 1958 asperiora
389 1878 468 1939 foras
489 1878 627 1958 gradiens
651 1882 758 1940 arteria
781 1878 903 1961 clamor,

217 1970 339 2047 quippe,
360 1985 416 2046 per
437 1975 594 2046 angustum
617 1967 703 2028 turba
726 1971 835 2029 maiore
858 1976 959 2029 coorta
1111 1993 1147 2033 sao

216 2058 260 2117 ire
285 2056 362 2115 foras
385 2054 437 2116 ubi
459 2063 620 2134 coeperunt
641 2056 803 2134 primordia
825 2074 937 2116 1551115.

145 2160 197 2210 515
217 2143 342 2225 55111551,
365 2143 490 2222 51515115
514 2162 630 2222 quoque
654 2146 741 2205 ianua
763 2145 877 2204 raditur
900 2147 973 2225 oris,

640 2251 656 2288 ss

147 2337 200 2388 531
216 2321 294 2382 haud
317 2322 408 2398 igitur
431 2319 582 2380 dubiumst
604 2323 676 2398 quin
698 2337 785 2380 15555
808 2320 954 2398 verbaque
979 2329 1113 2384 constent

216 2411 367 2488 corporeis
391 2426 407 2467 5
429 2409 599 2487 principiis,
621 2416 655 2467 ut
677 2407 793 2468 laedere
815 2411 939 2486 possint.

216 2503 322 2558 necte
346 2495 419 2556 fallit
440 2498 512 2555 item
535 2495 606 2574 quid
630 2498 763 2575 corporis
786 2497 900 2556 auferat
922 2504 952 2556 et
974 2498 1045 2576 quid
1110 2521 1147 2562 515

217 2584 351 2644 1151151151
373 2603 409 2643 511
432 2584 584 2643 hominum
606 2587 705 2644 nervis
728 2603 761 2644 ac
785 2584 898 2644 viribus
918 2587 992 2663 ipsis

146 2689 198 2739 550
215 2678 377 2751 5515511155
400 2689 498 2730 551155
521 2674 616 2749 nigrai
639 2673 734 2732 noctis
757 2672 794 2732 ad
817 2672 951 2732 umbram

147 2777 201 2828 536
218 2778 339 2821 aurorae
362 2759 522 2838 perductus
546 2758 581 2819 ab
605 2762 756 2820 exoriente
779 2763 889 2841 nitore,

216 2849 392 2927 praesertim
416 2849 442 2907 si
464 2865 532 2908 cum
554 2854 698 2907 summost
721 2847 848 2908 clamore
870 2849 1019 2927 profusus.

217 2954 286 3013 ergo
310 2952 482 3014 corpoream
504 2954 605 2996 vocem
629 2943 763 2996 constare
786 2945 951 3017 necessest,
1110 2961 1145 3002 515

216 3023 308 3083 155115
330 3022 453 3102 loquens
478 3026 614 3102 quoniam
639 3027 746 3085 amittit
769 3023 804 3084 de
828 3043 952 3104 corpore
975 3033 1096 3104 partem.

147 3129 198 3178 555
216 3105 226 3193 ll
240 3112 382 3189 asperitas
405 3118 503 3170 autem
526 3114 606 3171 vocis
629 3113 662 3172 fit
685 3112 720 3172 ab
744 3115 900 3192 asperitate
1109 3137 1144 3178 551

147 3200 445 3278 54151155151511151,
469 3202 591 3259 5111551
614 3199 695 3261 levor
718 3200 815 3261 levore
839 3208 968 3262 creatur:

217 3304 272 3346 nec
296 3283 387 3344 simili
408 3294 563 3362 penetrant
586 3291 667 3349 auris
689 3289 850 3368 primordia
874 3290 979 3372 forma,

219 3391 286 3434 cnm
308 3371 379 3432 tuba
402 3372 544 3450 depresso
567 3379 694 3452 graviter
718 3377 771 3438 snb
795 3397 947 3439 5151151115
970 3382 1065 3458 mugit

170 3513 173 3519 .
220 3468 250 3521 51
272 3459 395 3521 15115551
418 3478 539 3521 raucum
561 3471 642 3531 retro
665 3464 729 3526 loca
750 3466 873 3527 barbara
896 3467 1051 3549 bombum,
