2484 3800
593 166 634 221 IV
1058 167 1122 232 123

200 332 261 373 uon
283 312 419 372 homines
443 311 539 373 solum
562 313 615 373 sed
638 332 708 374 vero
731 314 867 376 animalia
890 311 1003 377 cuncta.

201 404 312 480 quippe
339 399 452 461 videbis
481 419 572 480 equos
596 402 695 483 fortis,
723 421 790 463 eum
815 403 948 464 membra
970 404 1122 485 iacebunt,

127 504 183 556 985
200 492 232 549 in
256 492 368 549 somnis
392 488 498 549 sudare
522 496 621 549 tamen
645 493 817 569 spirareque
841 510 958 571 semper

128 594 181 643 919
201 584 231 638 99
254 580 339 656 quasi
362 577 397 636 de
420 576 515 656 palma
540 596 670 638 summas
694 578 872 639 contendere
897 583 968 641 viris

201 672 252 727 aut
274 668 359 745 quasi
381 664 550 725 carceribus
573 667 727 744 patefactis
751 714 970 730 .....
1082 691 1122 731 999

201 761 417 832 venantumque
441 771 528 814 canes
551 756 583 813 in
604 754 687 814 molli
710 774 796 834 saepe
821 757 920 835 quiete
1082 779 1121 819 999

200 844 310 903 iactant
332 860 418 902 crura
441 848 539 902 tamen
563 841 660 903 subito
683 846 823 921 vocisque
846 850 968 922 repente
1081 866 1120 907 eor

129 946 186 999 999
200 933 321 991 mittunt
343 937 373 990 99
395 929 499 990 crebro
523 929 690 992 redducunt
712 932 834 992 naribus
857 950 958 1013 auras,

129 1034 182 1085 919
200 1026 235 1080 ut
256 1021 379 1097 vestigia
402 1020 428 1078 si
451 1025 571 1078 teneant
593 1019 712 1079 inventa
734 1020 877 1101 ferarum,

202 1108 457 1186 expergefactique
481 1113 622 1167 secuntur
645 1109 744 1167 inania
767 1126 854 1187 saepe

201 1213 354 1257 cervorum
379 1194 548 1275 simulacra,
571 1195 656 1273 fugae
680 1198 765 1274 quasi
788 1196 886 1256 dedita
909 1203 1043 1278 cernant,
1080 1219 1120 1260 999

201 1284 295 1345 donec
318 1284 461 1344 discussis
484 1282 609 1343 redeunt
631 1284 784 1344 erroribus
807 1284 844 1345 ad
868 1303 908 1345 99.

128 1389 185 1440 995
199 1379 229 1433 at
252 1379 391 1433 consueta
414 1371 494 1431 domi
517 1371 681 1432 catulorum
703 1371 809 1432 blanda
831 1390 961 1452 propago

129 1477 182 1527 999
201 1462 349 1521 discutere
372 1467 402 1520 et
425 1478 533 1539 corpus
556 1459 592 1519 de
613 1467 693 1520 terra
716 1463 866 1539 corripere
890 1464 1013 1541 instant,
1080 1483 1120 1523 999

200 1549 323 1629 proinde
348 1550 433 1627 quasi
455 1551 569 1626 ignotas
592 1549 684 1609 iacies
707 1556 794 1627 atque
818 1567 869 1608 ora
892 1556 1020 1610 tuantur.
1066 1572 1120 1612 leot

201 1645 231 1698 et
254 1656 311 1717 quo
335 1655 468 1715 quaeque
492 1639 584 1714 magis
608 1643 678 1697 sunt
700 1655 804 1716 aspera
828 1639 1035 1720 seminiorum,
1067 1660 1120 1700 1oos

201 1733 261 1787 tam
283 1728 376 1804 magis
399 1728 430 1784 in
454 1726 565 1784 somnis
589 1725 691 1785 eadem
714 1728 827 1785 saevire
850 1733 1018 1787 necessust:

111 1832 186 1881 1000
200 1822 229 1875 at
251 1816 347 1874 variae
371 1815 488 1891 fugiunt
509 1812 644 1873 volucres
666 1816 825 1893 pinnisque
849 1822 971 1894 repente

129 1920 181 1972 999
202 1903 359 1964 sollicitant
382 1902 479 1962 divom
502 1909 647 1962 nocturno
670 1909 802 1981 tempore
825 1900 921 1982 lucos,

202 1995 357 2071 accipitres
381 2009 484 2050 somno
507 1993 538 2049 in
562 1989 622 2050 leni
646 1993 672 2050 si
693 1991 805 2070 proelia
828 2009 940 2069 pugnas
1110 2060 1112 2063 ยน

202 2081 289 2141 edere
314 2086 381 2140 sunt
403 2085 604 2158 persectantes
628 2080 766 2156 visaeque
789 2079 929 2139 volantes.
1068 2102 1119 2142 ruo

201 2186 290 2248 porro
313 2168 466 2228 hominum
489 2174 617 2247 mentes,
640 2169 755 2244 magnis
779 2169 829 2245 qui
853 2167 981 2227 motibus
1005 2166 1096 2227 edunt

109 2273 186 2326 1995
199 2275 313 2337 magna,
336 2255 438 2316 itidem
462 2273 548 2334 saepe
571 2257 603 2314 in
626 2257 739 2315 somnis
758 2256 927 2334 faciuntque
946 2262 1120 2335 geruntque,

130 2362 183 2412 999
201 2363 287 2423 reges
311 2350 491 2424 expugnant,
514 2346 684 2424 capiuntur,
706 2343 818 2422 proelia
840 2345 979 2423 miscent,

202 2432 308 2493 tollunt
331 2432 503 2512 clamorem,
528 2433 612 2510 quasi
635 2433 661 2491 si
683 2431 867 2512 iugulentur,
890 2430 1009 2491 ibidem.

201 2521 288 2582 multi
311 2521 480 2600 depugnant
502 2521 687 2598 gemitusque
711 2518 860 2579 doloribus
885 2518 976 2579 edunt
1068 2540 1120 2582 101โถ

202 2617 244 2690 et,
268 2611 352 2688 quasi
373 2608 533 2688 pantherae
555 2626 658 2668 morsu
682 2611 795 2668 saevive
814 2607 908 2666 leonis

111 2715 186 2766 1919
201 2698 390 2777 mandantur,
412 2699 525 2774 magnis
549 2695 726 2757 clamoribus
750 2698 848 2755 omnia
871 2695 1027 2774 complent.

131 2803 183 2852 999
202 2786 288 2846 multi
311 2784 347 2845 de
370 2787 483 2864 magnis
505 2802 560 2863 per
583 2803 720 2844 somnum
742 2784 824 2844 rebu'
846 2783 1021 2864 loquuntur,

202 2874 370 2953 indicioque
394 2875 441 2933 sui
462 2873 532 2932 iacti
553 2890 696 2951 persaepe
719 2873 810 2932 luere.

202 2962 289 3023 multi
310 2969 436 3022 mortem
459 2959 576 3020 obeunt.
612 2960 712 3039 multi,
735 2960 771 3020 de
794 2959 944 3019 montibus
967 2959 1033 3020 altis
1068 2983 1121 3022 roeo

202 3059 235 3111 ut
259 3053 309 3130 qui
331 3051 526 3130 praecipitent
548 3048 584 3108 ad
605 3055 730 3128 terram,
754 3065 876 3126 corpore
900 3054 961 3107 toto

114 3155 186 3206 1015
202 3145 408 3218 externantur,
431 3144 460 3197 et
483 3156 519 3196 ex
543 3154 646 3196 somno
669 3138 754 3214 quasi
776 3134 918 3195 mentihu'
941 3137 1019 3213 capti

116 3245 183 3293 1000
202 3230 251 3287 vix
274 3227 309 3288 ad
333 3244 364 3287 se
388 3225 526 3306 redeunt,
548 3226 677 3304 permoti
700 3226 833 3302 corporis
856 3230 948 3283 aestu.

202 3316 313 3376 llumen
336 3317 406 3375 item
430 3315 533 3373 sitiens
557 3320 606 3372 aut
629 3313 741 3372 iontem
759 3318 885 3391 propter
907 3327 1062 3371 amoenum

203 3403 317 3465 adsidet
339 3411 368 3463 et
390 3408 484 3462 totum
506 3419 598 3480 prope
620 3400 755 3461 faucibus
779 3406 902 3478 occupat
924 3417 1048 3458 amnem.
1069 3420 1120 3460 1999

367 3486 611 3568 [1000-1003]
628 3517 670 3539 =
685 3485 869 3550 991-994.
