2484 3800
133 145 175 209 82
614 146 655 200 ΠΙ

134 308 186 360 610
205 292 338 353 dissolui
374 292 452 371 quod
475 295 502 353 si
523 292 689 354 inmortalis
711 300 812 355 nostra
833 293 910 353 foret
932 311 1029 373 mens,

204 398 264 441 non
285 388 346 441 tam
368 398 400 441 se
423 383 554 441 moriens
577 381 699 441 dissolri
721 388 965 461 conquereretur,

204 468 257 529 sed
279 470 373 546 magis
395 470 440 529 ire
463 468 543 529 foras
565 476 736 548 vestemque
759 469 940 549 relinquere,
967 475 1001 528 ut
1023 469 1141 546 anguis.

247 550 257 638 b
267 556 400 636 Denique
419 575 473 617 cur
490 559 581 618 animi
593 575 754 637 numquam
767 575 852 618 mens
866 556 1080 634 consiliumque
1093 576 1143 619 ers

204 645 334 722 gignitur
357 646 506 722 incapite
529 652 579 705 aut
600 644 726 723 pedibus
748 644 933 725 manibusve,
956 644 1009 705 sed
1032 646 1098 704 unis

134 747 186 797 elo
206 731 325 792 sedibus
348 739 378 793 et
400 734 490 793 certis
513 732 685 810 regionibus
708 731 845 794 omnibus
866 733 982 813 haeret,

203 821 230 879 si
252 838 311 880 non
335 827 415 881 certa
438 820 501 880 loca
524 821 560 881 ad
582 821 763 882 nascendum
785 821 900 881 reddita
922 822 1030 899 cuique

204 915 286 989 sunt,
312 916 342 968 et
363 907 415 968 nbi
438 908 578 986 quicquid
599 911 695 988 possit
717 909 824 970 durare
846 916 978 969 creatum

203 1002 290 1075 atque
313 997 354 1055 ita
375 995 558 1056 multimodis
579 998 697 1074 partitis
721 996 843 1057 artubus
866 1014 946 1076 esse,
1097 1018 1142 1058 rao

203 1083 404 1144 membrorum
426 1090 461 1143 ut
481 1102 641 1163 numquam
664 1086 771 1145 existat
792 1091 1002 1164 praeposterus
1025 1080 1119 1143 ordo?

134 1187 187 1236 620
205 1189 299 1249 usque
322 1171 394 1231 adeo
417 1173 553 1249 sequitur
574 1190 624 1232 res
646 1190 724 1252 rem,
745 1190 842 1251 neque
865 1172 982 1232 flamma
1005 1173 1103 1231 creari

246 1345 403 1406 Praeterea
425 1349 451 1407 si
473 1346 638 1407 inmortalis
660 1355 765 1408 natura
788 1349 925 1408 animaist

203 1440 233 1493 et
255 1436 366 1495 sentire
389 1441 487 1513 potest
510 1441 623 1495 secreta
645 1454 662 1496 a
685 1453 808 1514 corpore
831 1442 945 1515 nostro,
1100 1458 1138 1498 aas

204 1523 343 1601 quinque,
365 1529 399 1581 ut
416 1524 531 1602 opinor,
551 1539 616 1582 eam
635 1523 833 1583 faciundumst
851 1521 988 1584 sensibus
1008 1531 1140 1584 auctam:

133 1624 185 1673 625
203 1626 259 1668 nec
280 1611 394 1669 ratione
418 1609 473 1669 alia
494 1616 611 1670 nosmet
631 1629 797 1689 proponere
820 1610 905 1671 nobis

202 1713 360 1773 possumus
382 1696 513 1757 infernas
536 1700 648 1757 animas
670 1698 837 1759 Acherunte
858 1700 966 1776 vagari.

201 1785 332 1861 pictores
353 1785 452 1861 itaque
474 1791 505 1844 et
527 1787 705 1863 scriptorum
728 1785 824 1847 saecla
845 1788 946 1864 priora

203 1871 246 1931 sic
269 1871 380 1931 animas
403 1872 481 1932 intro
504 1871 652 1934 eluxerunt
674 1872 811 1934 sensibus
836 1880 945 1935 auctas.
1099 1897 1143 1938 eso

202 1964 232 2018 at
253 1977 350 2037 neque
373 1976 489 2019 sorsum
512 1960 589 2020 oculi
611 1979 708 2041 neque
731 1980 818 2022 nares
840 1980 897 2023 nec
919 1980 1025 2022 manus
1048 1964 1116 2041 ipsa

132 2062 184 2112 cac
203 2063 267 2106 esse
290 2053 388 2125 potest
406 2049 529 2128 animae,
550 2065 648 2126 neque
667 2067 782 2111 sorsum
800 2049 900 2128 lingua
918 2068 1016 2129 neque
1035 2069 1142 2112 aures:

201 2133 278 2194 haud
301 2136 393 2213 igitur
414 2153 522 2213 perse
544 2143 670 2214 possunt
692 2139 803 2198 sentire
825 2155 922 2216 neque
945 2155 1021 2199 esse.

245 2216 254 2303 ΙΙ
267 2220 304 2281 Et
327 2224 464 2300 quoniam
486 2229 548 2283 toto
570 2227 715 2285 sentimus
738 2243 861 2303 corpore
885 2227 985 2286 inesse

200 2308 318 2370 vitalem
341 2327 461 2370 sensum
483 2317 514 2369 et
534 2316 629 2370 totum
652 2329 718 2372 esse
740 2312 865 2373 animale
887 2313 1039 2394 videmus,
1101 2336 1143 2377 css

201 2398 228 2456 si
250 2396 347 2456 subito
370 2397 499 2457 medinm
522 2396 613 2457 celeri
634 2399 813 2476 praeciderit
834 2402 896 2460 ictu

132 2499 183 2548 css
201 2485 246 2543 ris
269 2483 378 2564 aliqua,
400 2490 433 2543 ut
455 2502 572 2544 sorsum
593 2492 709 2562 partem
731 2494 866 2548 secernat
887 2494 1060 2569 utramque,

202 2570 357 2648 dispertita
378 2570 482 2649 procul
504 2571 593 2631 dubio
616 2591 733 2651 quoque
756 2576 801 2634 ris
823 2577 933 2636 animai

202 2663 233 2716 et
254 2656 377 2718 discissa
399 2657 487 2718 simul
509 2677 576 2718 cum
599 2677 723 2738 corpore
745 2661 924 2724 dissicietur.

202 2749 231 2802 at
254 2744 331 2821 quod
354 2745 499 2805 scinditur
521 2753 552 2806 et
572 2749 665 2824 partis
688 2747 815 2810 discedit
835 2752 868 2810 in
890 2750 980 2832 ullas,
1102 2776 1144 2816 ero

203 2829 329 2911 scilicet,
351 2839 500 2892 aeternam
522 2831 579 2892 sibi
600 2840 736 2895 naturam
758 2835 862 2898 abnuit
884 2856 960 2898 esse.

133 2930 184 2980 640
202 2915 348 2978 falciferos
370 2926 535 2980 memorant
556 2939 662 2982 currus
685 2923 837 2984 abscidere
860 2925 994 2986 membra

203 3021 290 3082 saepe
312 3007 353 3065 ita
376 3005 412 3066 de
435 3007 532 3067 subito
554 3011 699 3086 permixta
722 3011 811 3072 caede
834 3012 971 3093 calentis,

202 3097 235 3150 ut
256 3097 383 3151 tremere
406 3095 438 3154 in
460 3100 539 3154 terra
561 3095 694 3157 videatur
716 3097 752 3158 ab
774 3099 897 3161 artubus
920 3100 952 3160 id
975 3101 1056 3180 quod

204 3176 313 3236 decidit
328 3177 485 3260 abscisum,
503 3200 570 3242 cum
583 3201 668 3244 mens
682 3191 780 3246 tamen
794 3193 881 3266 atque
895 3188 1027 3250 hominis
1041 3192 1088 3251 vis
1103 3193 1161 3254 ω’

202 3262 364 3325 mobilitate
386 3266 455 3326 mali
477 3286 537 3329 non
559 3273 624 3348 quit
646 3276 756 3334 sentire
780 3274 926 3357 dolorem3

133 3368 184 3416 645
203 3358 234 3411 et
256 3351 345 3411 simul
367 3354 398 3412 in
420 3372 535 3433 pugnae
557 3358 655 3418 studio
680 3361 757 3440 quod
781 3362 879 3425 dedita
902 3383 988 3430 mens
1012 3374 1073 3448 est,

204 3456 326 3517 corpore
349 3438 461 3501 relicuo
483 3461 612 3521 pugnam
635 3449 798 3528 caedesque
820 3454 960 3536 petessit,
