2484 3800
512 178 551 235 VI

28 343 80 395 715
99 329 178 387 inter
199 328 284 405 nigra
305 328 402 388 virum
423 334 561 406 percocto
586 326 681 387 saecla
704 325 802 387 colore

100 416 236 476 exoriens
258 417 376 494 penitus
399 415 497 476 media
519 414 556 475 alr
579 417 700 493 regione
723 414 791 475 diei.

101 510 147 565 est
169 520 286 582 quoquc
308 506 354 563 uti
375 505 470 582 possit
492 520 615 582 magnus
639 509 796 581 congestus
819 520 923 564 arenae

28 598 83 651 ⁷25
99 590 237 651 fluctibus
261 590 391 651 adversis
415 590 545 670 oppilare
569 592 644 651 ostia
667 597 783 671 contra,
827 588 839 611 ⁸
994 612 1034 654 ns

100 697 168 739 oum
190 696 270 739 mare
292 685 459 758 permotum
481 680 577 739 ventis
600 681 662 739 ruit
684 680 764 738 intus
786 695 918 759 arenam,

29 784 81 833 7οο
101 784 159 845 quo
182 767 215 827 iit
237 768 282 827 uti
304 773 389 845 pacto
412 765 488 826 liber
510 768 609 827 minus
632 768 729 827 exitus
752 768 831 826 amni

101 862 131 915 et
151 854 290 933 proclivis
313 856 385 915 item
407 855 458 914 fiat
479 856 578 915 minus
601 856 730 932 impetus
753 853 849 914 undis

99 943 134 1002 lit
157 960 272 1021 quoque
295 944 339 1002 uti
361 941 489 1022 pluviae,
511 942 625 1023 forsan,
647 944 741 1021 magis
763 941 800 1001 ad
823 948 911 1021 caput
932 944 960 1002 ei

28 1038 85 1089 730
100 1037 234 1109 tempore
258 1048 292 1090 eo
315 1031 400 1111 fiant,
423 1029 500 1108 quod
524 1032 615 1090 etesia
639 1029 730 1090 flabra
752 1029 922 1108 aquilonum
993 1053 1033 1093 reo

100 1117 202 1179 nubila
224 1119 374 1179 coniciunt
395 1119 427 1179 iu
449 1136 499 1178 eas
522 1125 593 1178 tunc
617 1120 714 1177 omnia
735 1120 841 1196 partis:

29 1224 82 1275 raa
102 1206 228 1286 scilicet,
251 1205 287 1266 ad
310 1205 437 1266 mediam
459 1208 610 1285 regionem
633 1207 727 1266 eiecta
749 1205 809 1269 diei

101 1313 169 1355 cum
192 1301 404 1376 convenerunt,
426 1293 469 1353 ibi
492 1293 527 1353 ad
550 1293 624 1355 altos
647 1293 774 1371 denique
796 1296 905 1354 montis

102 1388 259 1443 contrusae
281 1380 375 1443 nubes
399 1389 544 1461 coguntur
565 1384 653 1459 vique
674 1388 859 1460 premuntur.

30 1478 86 1530 735
102 1471 226 1531 forsitan
248 1469 424 1549 Aethiopum
445 1472 564 1549 penitus
587 1469 624 1529 de
646 1468 796 1529 montibus
819 1468 886 1529 altis
995 1489 1033 1531 rsa

103 1566 229 1640 crescat,
251 1558 304 1619 ubi
325 1560 357 1618 in
379 1576 497 1637 campos
520 1557 599 1617 albas
623 1557 802 1618 descendere
825 1559 950 1635 ningues

31 1665 84 1713 730
102 1645 229 1707 tabificis
253 1645 363 1724 subigit
384 1647 475 1706 radiis
500 1644 543 1706 sol
566 1647 665 1706 omnia
686 1644 823 1706 lustrans.

148 1733 232 1794 Nunc
246 1752 308 1815 age,
321 1734 435 1794 Averna
448 1733 503 1794 tibi
516 1752 590 1812 quae
600 1740 670 1794 sunt
678 1732 742 1794 loca
751 1752 875 1812 cumque
885 1732 1034 1813 lacusque,

104 1822 270 1903 expediam,
293 1821 372 1902 quali
394 1828 498 1882 natura
517 1821 652 1900 praedita
675 1828 819 1882 constent.

30 1919 89 1972 740
105 1913 265 1991 principio,
288 1929 346 1990 quo
368 1911 481 1971 Averna
503 1917 646 1971 vocantur
668 1913 799 1991 nomine,
822 1909 851 1970 id
875 1910 910 1970 ab
933 1928 966 1971 re
996 1933 1035 1973 uo

104 2000 307 2079 inpositumst,
330 2000 398 2077 quia
421 2005 490 2059 sunt
512 1997 614 2058 avibus
638 2001 783 2058 contraria
806 2001 934 2080 cunctis,

31 2105 87 2156 735
106 2105 123 2146 0
145 2088 265 2164 regione
289 2104 323 2146 ea
345 2086 422 2164 quod
445 2085 509 2146 loca
532 2085 599 2147 dum
621 2103 729 2146 venere
751 2084 895 2167 volantes,

104 2175 211 2252 remigi
234 2173 340 2234 oblitae
362 2191 526 2253 pennarum
548 2173 612 2234 vela
633 2175 800 2254 remittunt,

105 2263 340 2341 praecipitesque
364 2262 472 2323 cadunt
493 2261 575 2323 molli
597 2263 711 2322 0077100
733 2261 870 2340 profusae

31 2352 137 2413 74510
159 2357 282 2431 terram,
305 2351 331 2410 si
353 2350 428 2410 forte
451 2352 492 2411 ita
514 2350 571 2410 lert
593 2356 697 2410 natura
719 2347 864 2430 locomm,
997 2370 1035 2412 ru

107 2444 157 2498 aut
179 2439 211 2496 in
233 2455 351 2518 aquam,
374 2439 400 2497 01
422 2438 498 2498 torte
521 2437 601 2498 lacus
625 2436 791 2498 substratus
812 2437 956 2498 Avernist.

31 2527 133 2594 74010
155 2525 237 2586 10000
261 2533 306 2586 est
328 2525 435 2587 Cumas
457 2526 547 2607 apud,
570 2528 632 2586 acri
655 2523 775 2604 sulpure
797 2532 913 2586 montes

106 2612 217 2691 oppleti
239 2613 341 2673 calidis
363 2612 415 2674 uhi
437 2614 551 2675 fumant
571 2612 701 2673 lontibus
724 2615 814 2693 aucti3

107 2707 153 2761 est
174 2707 204 2761 et
225 2700 381 2762 Athenaeis
403 2703 434 2762 in
457 2700 625 2782 moenibuS,
647 2702 724 2761 arcis
747 2702 779 2760 in
801 2702 865 2778 ipso

31 2790 230 2870 7507071100,
251 2788 376 2849 Palladis
399 2789 434 2849 ad
456 2788 598 2868 templum
620 2787 782 2848 Tritonidis
805 2787 910 2867 almae,
998 2808 1037 2849 roo

107 2894 164 2956 quo
187 2895 345 2956 numquam
368 2879 474 2956 pennis
498 2875 649 2956 appellunt
670 2893 794 2955 corpora
816 2893 921 2936 raucae

32 2981 89 3034 705
107 2966 254 3044 00701000,
277 2983 336 3025 non
359 2982 427 3025 cum
449 2966 563 3025 fumant
585 2964 687 3025 altaria
710 2964 809 3024 donis:

106 3070 201 3131 usque
225 3051 297 3112 adeo
319 3052 445 3130 fugitant
466 3071 526 3113 non
548 3055 609 3112 iras
632 3051 757 3112 Palladis
781 3052 858 3111 acris

105 3139 243 3219 pervigili
266 3158 367 3221 causa,
389 3137 509 3200 Graium
532 3147 565 3201 ut
587 3142 722 3200 cecinere
745 3144 862 3218 poetae,

32 3234 91 3289 755
109 3228 161 3288 sed
184 3234 289 3288 natura
311 3227 368 3288 loci
392 3246 465 3307 opus
488 3229 579 3289 efficit
600 3230 664 3307 ipsa
687 3234 797 3306 suapte.
1000 3246 1040 3288 705

109 3317 141 3375 10
164 3315 248 3395 Syria
271 3334 388 3396 quoque
410 3316 506 3377 fertur
527 3318 597 3376 item
620 3315 703 3375 locus
725 3332 791 3375 esse
813 3314 921 3394 videri,

32 3421 89 3471 750
110 3403 306 3483 quadripedes
329 3422 446 3485 quoquc
469 3422 526 3483 quo
551 3403 638 3464 simul
661 3421 695 3462 ac
717 3404 839 3481 vestigia
861 3404 989 3481 primum

109 3491 276 3574 intulerint,
298 3495 426 3572 graviter
448 3495 492 3554 vis
516 3499 600 3571 cogat
624 3489 777 3551 concidere
800 3493 877 3571 ipsa,
