2484 3800
437 177 718 234 PROLEGOMENA.
1043 178 1082 232 XI

70 343 149 403 quae
180 331 250 384 sunt
276 327 308 384 in
336 324 477 402 epistulae
505 325 541 384 ad
568 324 676 386 Herod.
699 344 760 405 par.
783 321 840 406 43,
873 344 947 404 quae
975 325 1081 386 deinde

70 413 228 473 emendavi
268 415 299 473 in
340 412 439 472 libello
481 413 654 473 scholastico
695 413 776 474 Halis
817 433 842 474 a.
880 410 968 476 1884
1003 414 1081 474 edito

69 519 97 580 p.
114 499 156 563 16
172 508 233 561 not.
257 500 374 561 libellus
396 500 582 562 inscribitur:
605 501 658 561 Die
681 501 885 581 Urbewegung
908 502 960 562 der
978 502 1081 562 dtome

69 589 119 649 bei
133 588 266 667 Leucipp
280 589 341 649 und
353 588 511 649 Demokrit.
530 592 562 649 in
577 590 698 649 alterius
712 589 780 650 libri
794 610 820 651 v.
833 589 1081 668 718Beruaysius

69 683 188 758 peccat,
230 695 297 737 oum
339 677 442 738 scribit
486 676 590 739 eodem
629 676 711 738 ratio
751 676 947 740 disterminat
984 695 1081 759 omne,

70 769 212 844 ignorans
245 783 319 843 quae
353 767 392 826 sit
418 765 540 844 Epicuri
571 766 607 825 de
636 767 812 827 mundorum
840 776 870 827 θῖ
892 767 1080 827 multitudine

65 861 100 914 -et
124 854 296 913 diversitate
320 853 461 914 doctrina.
503 860 635 914 ceterum
659 857 690 913 in
717 856 819 914 eadem
841 872 911 914 voce
935 857 994 914 iam
1012 862 1079 914 ante

72 945 191 1021 erravit,
215 943 247 1001 in
270 940 288 1002 l.
306 941 363 1001 lv.
385 938 469 1002 1093
493 959 581 1003 omne
601 945 681 1002 inter
703 943 777 1002 caeli
799 951 954 1021 terraeque
978 945 1079 1003 ruinas

72 1032 102 1088 in
129 1031 219 1089 inane
246 1029 426 1108 profundum
455 1029 535 1090 abire
563 1031 679 1110 dicens,
706 1032 791 1109 quasi
818 1031 848 1091 id
871 1033 969 1109 ipsum
992 1032 1079 1090 inane

72 1117 253 1196 profundum
271 1136 331 1177 non
350 1121 413 1178 eius
433 1118 511 1197 quod
530 1136 616 1178 omne
636 1126 767 1197 estpars
787 1121 833 1178 sit.
865 1136 961 1196 neque
980 1119 1079 1178 minus

71 1224 102 1265 re
116 1224 225 1284 parum
238 1213 393 1284 perspecta
408 1224 509 1266 errore
524 1206 599 1285 lapsi
608 1226 633 1266 v.
645 1204 707 1268 381
723 1205 825 1267 ocimi
835 1204 954 1267 ratione
963 1213 1078 1266 mutare

72 1297 133 1355 ausi
145 1301 217 1354 sunt
226 1293 430 1354 Lachmanuus
439 1294 617 1374 Bernaysius
627 1294 745 1355 blunroz
759 1295 838 1373 quod
847 1293 948 1355 culmi
960 1292 1080 1355 ratione

71 1384 261 1442 verissimum
290 1389 347 1442 est:
375 1400 443 1442 nam
470 1400 529 1442 nou
551 1391 677 1461 possunt
700 1383 776 1444 oculi
799 1391 933 1443 naturam
956 1400 1078 1443 noscere

70 1489 187 1551 rerum,
217 1472 308 1530 animi
338 1473 413 1530 ratio
436 1477 546 1552 potest,
570 1471 606 1530 of.
628 1469 867 1533 1V3o2-369.
896 1478 1079 1549 -praeter

70 1559 99 1618 id
137 1564 229 1637 caput
261 1558 338 1637 quod
370 1565 416 1618 θεῖ
448 1558 483 1618 de
515 1567 680 1619 atomorum
712 1567 806 1640 motu,
838 1559 915 1619 baud
948 1561 1009 1619 scio
1041 1577 1080 1619 an

69 1646 236 1727 plerisque,
268 1649 320 1725 qui
349 1646 520 1707 Lucretium
554 1647 710 1707 emendare
743 1647 934 1727 studuerunt,
965 1645 1079 1707 nullum

71 1734 228 1795 obscurius
261 1735 362 1815 luerit,
395 1753 481 1813 quam
514 1735 586 1795 illud
619 1735 697 1814 quod
725 1735 761 1795 de
789 1737 880 1795 animi
906 1737 1078 1813 animaeque

69 1830 176 1884 natura
205 1828 261 1882 cst:
290 1822 326 1882 de
357 1841 415 1900 quo
442 1841 490 1882 mo
519 1823 584 1883 data
608 1841 697 1903 opera
720 1823 885 1903 disputasse
908 1825 967 1883 iam
990 1841 1078 1902 supra

70 1912 166 1973 docui.
213 1929 299 1990 quam
323 1911 550 1990 disputationem
574 1915 626 1990 qui
648 1912 766 1993 legerit,
789 1912 873 1972 lacile
897 1914 941 1972 eis
963 1914 1078 1971 veniam

70 1999 165 2080 dabit,
204 2002 255 2077 qui
291 2006 340 2059 aut
377 2002 471 2060 secuti
506 1999 650 2060 librorum
687 2003 890 2060 auctoritatem
927 2006 977 2060 aut
1013 2018 1078 2059 eam

70 2094 247 2167 spernentes
266 2085 407 2148 colmam
424 2105 478 2166 pro
497 2086 610 2163 animo,
630 2086 772 2149 animum
789 2106 843 2167 pro
863 2086 972 2149 aalma
985 2089 1078 2166 scrip-

71 2183 189 2255 serunt,
214 2176 292 2254 quod
315 2194 331 2235 a
354 2193 413 2235 non
436 2178 538 2254 paucis
559 2176 669 2235 factum
694 2183 739 2236 est
762 2176 808 2235 bis
831 2176 907 2236 llll
929 2176 1078 2235 versibus:

69 2261 121 2324 43.
141 2261 217 2325 237.
238 2260 310 2324 309.
330 2261 403 2344 678,
422 2265 551 2343 itemque
571 2263 588 2323 l.
607 2260 711 2325 v524
729 2270 759 2324 θῖ
772 2260 846 2343 528,
865 2264 900 2322 de
920 2281 977 2341 qua
994 2281 1027 2322 re
1047 2266 1079 2321 iu

70 2352 232 2412 lectionum
243 2359 412 2432 conspectu,
422 2370 510 2430 quem
520 2351 671 2433 subiciam,
683 2359 823 2431 quantum
829 2369 902 2430 opus
910 2353 967 2409 crit
974 2350 1077 2410 dicam.

71 2440 105 2500 de
121 2442 231 2499 ceteris
246 2440 282 2499 ad
296 2439 452 2517 hocgenus
462 2440 679 2519 pertinentibus
689 2440 734 2500 vel
746 2440 781 2500 de
792 2459 825 2500 ea
836 2456 922 2517 quam
932 2440 1076 2515 attingere

69 2530 167 2588 visum
187 2535 233 2587 θεῖ
250 2534 333 2605 parto
353 2544 456 2588 eorum
475 2530 533 2587 iam
552 2528 714 2589 secundum
733 2528 877 2587 librorum
894 2532 925 2585 et
938 2544 1077 2586 versuum

70 2616 207 2676 ordinem
226 2615 387 2674 dicam—
403 2614 592 2677 l.111v.282
612 2634 672 2676 non
691 2615 876 2675 offenderunt
895 2616 926 2673 in
945 2632 980 2673 eo
999 2615 1077 2693 quod

69 2710 115 2763 est
147 2700 234 2783 ollis3
267 2722 292 2763 v.
323 2701 387 2765 289
419 2703 553 2782 probavit
582 2702 785 2764 Lachmanuus
817 2705 944 2783 primus,
975 2706 1076 2762 nescio

70 2810 128 2870 qua
148 2791 310 2869 elegantiae
330 2793 428 2870 specie
442 2791 591 2872 deceptuS,
605 2790 678 2852 illud
691 2790 826 2851 Lambini
839 2788 934 2852 oculis
947 2787 1076 2865 mribus,

70 2898 139 2939 cum
171 2882 203 2939 in
234 2877 319 2939 libris
348 2882 386 2939 sit
413 2877 529 2940 acrius:
562 2879 640 2957 quod
668 2887 825 2957 utrumque
852 2878 982 2939 declarat
1009 2897 1077 2939 eum

69 2985 129 3027 uon
144 2968 341 3047 perspexisse,
356 2968 426 3045 quid
440 2967 596 3027 Lucretius
611 2967 739 3047 doceret,
753 2968 789 3027 cf.
804 2967 902 3046 philol.
912 2966 1015 3026 XXVII
1025 2964 1076 3027 36.

69 3088 111 3097 -
141 3056 160 3116 l.
188 3054 225 3114 lv
250 3074 277 3115 v.
306 3052 369 3116 793
399 3054 603 3115 Lachmanuus
632 3055 747 3116 abicere
774 3056 876 3115 maluit
904 3074 990 3133 quam
1018 3056 1077 3114 iam

69 3152 138 3204 ante
168 3141 285 3203 saecula
311 3143 346 3203 ab
375 3143 440 3203 aliis
467 3151 633 3203 correctum
655 3146 798 3203 retinere:
825 3143 932 3221 quodsi
954 3149 1077 3222 teneret,

69 3250 145 3310 quae
169 3230 315 3309 Epicurus
344 3232 379 3291 de
403 3231 537 3291 sensibili
559 3238 691 3309 tempore
715 3224 888 3313 (αἰσθητὸς
909 3234 938 3290 ei
959 3230 1077 3310 χρόνος

69 3315 130 3403 θεῖ)
165 3319 277 3399 docuit,
313 3322 497 3399 retinuisset,
532 3337 599 3378 cum
627 3321 800 3397 praesertim
828 3319 927 3378 videre
956 3317 1077 3376 deberet

68 3408 168 3469 modio
206 3425 294 3467 versu
330 3407 444 3468 sublato
481 3405 633 3466 rationalia
669 3414 802 3484 tempora
834 3408 933 3484 inepte
966 3405 1075 3483 opponi

68 3497 206 3574 tempori.
261 3494 279 3555 l.
306 3494 329 3553 V
355 3491 419 3555 419
453 3513 496 3573 sq.
529 3494 601 3554 dicit
632 3492 788 3554 Lucretius
820 3499 900 3552 certa
933 3492 1074 3569 quaedam
