2484 3800
661 168 701 221 VI

252 317 364 377 semina
387 322 568 377 concurrunt
589 314 676 376 calidi
698 315 820 393 fulgoris
833 314 877 376 ad
901 317 1000 375 ictum.

252 405 407 481 sicigitur
430 422 545 483 quoquc
569 422 617 464 res
641 404 761 464 accendi
783 402 904 464 fulmine
928 402 1027 483 debet,

252 498 414 571 opportuna
437 493 493 552 fuit
515 494 540 552 si
562 492 638 551 forte
662 499 692 552 et
714 492 819 552 idonea
841 491 974 551 flammis.

182 596 307 645 335333
328 587 439 640 temere
463 582 581 640 omnino
603 579 689 659 plane
712 582 756 639 313
778 579 884 657 frigida
906 581 987 639 venti

182 673 239 725 320
252 686 318 728 esse
340 674 450 749 potest,
473 686 507 729 33
530 686 604 747 quae
627 670 758 728 3333331
780 670 871 727 missa
893 674 1064 747 superaest,
1146 690 1181 729 333

253 758 337 836 quin,
359 757 442 835 prius
465 758 497 817 13
519 774 609 817 33333
632 758 739 816 31333
762 756 933 816 accenditur
954 756 1030 835 igni,

252 852 282 904 at
303 844 447 923 tepefacta
468 852 567 905 tamen
589 846 688 904 veniat
710 846 865 905 commixta
889 843 994 903 calore.

296 932 441 993 Mobilitas
464 938 562 992 autem
584 933 618 992 113
639 931 770 992 fulminis
794 939 824 991 et
844 933 940 1009 gravis
962 933 1054 1010 ictus,

182 1013 303 1103 3301133
326 1020 415 1081 celeri
436 1020 529 1080 ferme
551 1028 729 1099 percurrunt
751 1018 873 1080 fulmina
895 1017 1020 1100 lapsu,l

182 1113 239 1167 325
251 1108 410 1169 nubibus
402 1126 466 1187 1psa
489 1108 567 1187 quod
590 1109 709 1168 omnino
731 1110 815 1187 prius
838 1110 927 1168 incita
950 1125 981 1167 se
1004 1110 1049 1168 vis
1148 1125 1220 1170 333

253 1196 363 1274 colligit
385 1204 415 1256 et
436 1214 573 1275 magnum
596 1214 739 1257 conamen
760 1197 852 1256 sumit
873 1195 977 1276 eundi,

252 1284 320 1345 inde
343 1283 395 1345 ubi
416 1302 476 1346 non
498 1286 595 1363 potuit
615 1284 710 1345 nubes
734 1302 838 1363 capere
861 1286 969 1362 inpetis
992 1291 1129 1366 auctum,
1219 1323 1220 1326 ¹

252 1374 426 1451 exprimitur
448 1374 492 1433 313
515 1379 602 1452 atque
624 1372 691 1432 ideo
713 1372 790 1432 33133
811 1368 920 1451 impete
943 1373 1032 1452 miro,
1219 1367 1220 1370 ’

182 1476 233 1525 335
253 1467 286 1520 33
307 1460 411 1521 validis
434 1479 508 1540 quae
532 1461 568 1521 de
590 1462 746 1522 tormentis
768 1461 858 1520 missa
880 1460 1023 1520 feruntur

182 1554 237 1606 330
253 1548 326 1609 adde
349 1548 466 1627 quode
488 1550 586 1627 parvis
609 1555 639 1609 et
661 1547 774 1609 levibus
792 1555 843 1609 est
864 1547 1033 1651 elementis,
1148 1569 1220 1611 333

252 1655 307 1696 333
329 1636 442 1696 facilest
464 1636 516 1696 tali
538 1642 660 1697 naturae
683 1636 827 1697 obsistere
853 1638 1023 1738 quicquam:
1105 1682 1108 1685 .

253 1725 331 1783 inter
353 1726 432 1784 enim
454 1725 528 1803 fugit
551 1742 584 1785 33
606 1731 742 1803 penetrat
762 1742 818 1804 per
839 1742 905 1784 rara
926 1726 1055 1804 viarum,

253 1830 313 1871 non
334 1812 425 1889 igitur
446 1812 520 1873 mult
521 1815 547 1872 13
569 1811 730 1872 offensibus
753 1814 784 1871 in
806 1811 980 1871 remorando

183 1916 235 1966 330
252 1899 388 1981 haesitat,
411 1899 486 1960 banc
508 1900 545 1961 ob
568 1919 632 1962 rem
655 1900 744 1962 celeri
766 1899 843 1960 33133
864 1903 974 1980 impete
996 1897 1116 1982 labens,

182 1993 237 2045 335
253 1987 371 2069 deinde,
394 1988 471 2067 quod
495 1991 614 2048 omnino
636 1996 741 2050 natura
762 1989 892 2068 pondera
915 1988 1054 2048 deorsum
1149 2013 1220 2053 333

253 2077 350 2136 omnia
372 2079 519 2157 nituntur,
541 2095 609 2137 cum
631 2076 744 2156 plagast
766 2076 863 2136 addita
884 2094 967 2156 vero,

252 2163 398 2224 mobilitas
422 2163 587 2244 duplicat
551 2171 641 2225 uret
662 2167 788 2243 impetus
811 2163 861 2225 1113
883 2165 1040 2243 gravescit,

253 2259 286 2312 ut
307 2254 470 2313 vementius
494 2260 523 2313 33
545 2254 634 2312 citius
656 2270 857 2331 quaecumque
880 2258 1031 2313 morantur

182 2356 234 2405 335
254 2339 337 2400 obvia
360 2340 498 2400 discutiat
519 2339 612 2418 plagis
634 2342 782 2418 itinerque
805 2347 953 2418 sequatur.

181 2428 379 2506 3401331333
402 2427 479 2507 quod
502 2427 588 2506 longo
610 2430 691 2488 venit
712 2430 835 2509 impete,
858 2446 974 2488 sumere
998 2427 1087 2488 debet
1150 2457 1194 2497 340

253 2515 445 2576 mobilitatem
468 2518 557 2576 etiam
579 2523 666 2595 atque
690 2517 791 2596 331333,
814 2533 888 2595 qnae
912 2518 1019 2576 crescit
1041 2517 1145 2577 eundo
1219 2508 1220 2561 1

253 2603 414 2663 3333113133
436 2611 523 2682 auget
544 2605 616 2664 viris
640 2611 670 2664 et
691 2603 810 2664 roborat
832 2606 935 2664 ictum:

252 2709 320 2751 nam
342 2691 412 2751 facit
434 2698 467 2751 ut
489 2709 563 2770 quae
587 2693 646 2752 sint
668 2691 747 2752 illius
770 2693 883 2752 semina
904 2709 1029 2770 cumque

183 2796 270 2845 3403
293 2781 413 2857 regione
436 2778 533 2840 locum
556 2782 641 2859 quasi
664 2782 695 2840 in
717 2797 809 2840 unum
832 2786 936 2840 cuncta
958 2779 1108 2861 ferantur,
1219 2794 1220 2853 3

182 2874 236 2926 345
253 2869 350 2927 omnia
373 2869 523 2928 coniciens
545 2869 577 2926 in
600 2886 668 2927 eum
690 2866 834 2937 volventia
857 2885 984 2928 cursum.

252 2955 375 3015 forsitan
397 2973 433 3015 ex
455 2957 520 3034 ipso
543 2957 666 3016 veniens
688 2955 874 3016 3331333333
898 2955 1038 3034 quaedam

253 3061 389 3123 corpora,
413 3061 486 3121 quae
509 3043 601 3122 plagis
624 3043 786 3104 incendunt
807 3042 1007 3104 mobilitatem.

253 3129 466 3208 incolumisque
490 3133 570 3190 33313
591 3149 646 3210 per
668 3149 717 3191 res
740 3138 827 3234 atque
849 3133 962 3208 integra
984 3133 1095 3191 transit

183 3231 235 3282 345
253 3214 357 3295 multa,
379 3203 570 3279 foraminibus
594 3217 725 3298 liquidus
748 3221 816 3298 quia
837 3217 1026 3279 transvolat
1018 3220 1110 3322 ignis

183 3309 238 3360 350
253 3300 402 3378 multaque
424 3304 593 3386 perfringit,
616 3325 683 3366 cum
707 3324 830 3385 corpora
851 3305 1015 3367 fulminis'
1007 3309 1082 3385 ipsis
1159 3304 1221 3375 3331

255 3386 427 3465 corporibus
449 3408 549 3450 rerum
571 3393 753 3474 inciderunt,
776 3412 833 3472 qua
855 3401 936 3455 texta
958 3400 1113 3458 tenentur
1219 3378 1220 3461 1

255 3473 389 3533 dissoluit
411 3493 499 3552 porro
522 3478 606 3540 facile
630 3499 680 3541 aes
704 3499 865 3560 aurumque
889 3489 1022 3559 repente
