2484 3800
185 149 298 203 XLVIII
549 144 831 201 Puouuuomuuo.

185 297 320 356 mantem
332 311 482 372 quomque
496 298 661 355 tuentur
674 293 733 364 OQ.
746 292 856 353 ka.:
874 291 1071 354 3333333333
1086 309 1203 354 consu

187 385 319 445 13333333
335 382 397 442 Lm.
416 380 609 443 omnicoenies
628 429 634 441 .
650 429 678 442 ..
702 384 824 443 meretur
841 381 886 441 B.:
911 389 1017 442 neuter
1034 380 1202 440 verborum

187 473 285 532 lusum
314 472 415 532 sensit.
441 503 478 514 -—
505 468 567 531 957
595 487 659 548 quo
679 488 713 531 re
730 515 738 530 .
753 517 782 530 ..
801 466 866 531 958
883 468 1015 547 possim
1035 468 1112 548 OQ„
1138 471 1201 528 ani-

186 567 314 639 mantes,
340 558 440 639 philol.
463 557 539 618 XXV
567 557 622 637 88,
643 556 778 636 possent,
805 556 942 618 videlicet
967 575 1073 617 sensus
1097 557 1200 616 ka

180 646 283 727 posset
298 646 360 707 Lm.
379 646 424 727 Β,
447 646 532 706 videl.
551 644 706 720 onimous,
729 652 849 725 propter
868 645 940 705 illud
958 643 1103 724 quamuis
1129 643 1201 705 aoi-

186 738 333 810 mouteuo,
366 733 443 813 quod
476 741 521 795 est
552 736 583 794 in
610 753 636 794 v.
661 731 738 815 939,
770 735 855 813 quasi
882 752 942 794 nou
968 737 999 793 in
1026 733 1076 793 illo
1105 732 1201 793 verbo

187 824 383 885 multitudinis
407 825 487 882 notio
510 822 605 883 lateat.
626 823 663 884 oi.
682 841 770 900 supra
787 842 815 901 p.
834 821 930 881 XVIII.
951 855 990 866 -
1011 818 1077 884 960
1088 837 1201 901 prae

188 916 269 974 terea
291 915 487 972 restituerunt
507 910 617 991 ka.‚
645 919 675 971 et
697 911 803 971 Christ.
831 929 859 989 p.
879 908 920 972 38
944 910 1010 970 Mu:
1031 911 1202 989 propterea

187 1002 249 1061 Lm.
269 1000 300 1061 B.
319 1034 361 1043 —
381 997 444 1060 972
464 997 500 1060 de
522 996 632 1077 quiuis
649 1000 815 1061 aowiuuisi
828 997 889 1070 00.
909 1001 928 1058 i.
947 1017 972 1059 e.
996 1017 1032 1058 ex
1056 1017 1117 1077 quo
1138 1006 1200 1058 aio-

187 1108 303 1150 morum
322 1106 429 1166 genere
449 1086 485 1147 ad
505 1095 618 1148 ceteras
633 1095 754 1166 atomos,
773 1106 847 1166 quoe
866 1086 1035 1147 hominihus
1050 1105 1121 1147 oum
1137 1088 1199 1146 ani-

187 1177 313 1238 malibus
332 1178 455 1236 rationis
469 1175 640 1254 expertibus
655 1193 825 1235 communes
840 1182 917 1255 sunt,
935 1172 1047 1252 aIIquid
1061 1177 1198 1253 accessit,

187 1265 266 1326 unde
289 1267 364 1324 ratio
383 1261 539 1324 oreretur?
563 1266 635 1323 Item
654 1261 718 1324 983
736 1281 774 1325 ex
794 1281 858 1324 noo
874 1261 1044 1325 3337333933
1061 1265 1198 1326 auctus:

185 1353 334 1433 fociumst
354 1385 398 1394 -
417 1350 519 1430 focius
536 1351 598 1412 Lm.
617 1350 649 1411 B.
668 1352 720 1411 Mr.
739 1370 854 1412 mecum
873 1353 943 1412 facit
960 1351 1137 1412 Giussauus
1157 1383 1196 1394 -

190 1438 253 1502 991
274 1459 316 1518 sq.
406 1436 494 1515 laeto,
513 1442 542 1501 et
558 1457 656 1518 penus
672 1437 844 1501 7333333333
855 1438 953 1519 poris,
971 1439 1078 1501 monio
1094 1435 1198 1501 333373

186 1528 328 1608 ferorum
357 1536 411 1588 eu.
440 1545 504 1587 ann.
532 1528 632 1607 philol.
664 1525 750 1590 1875
776 1548 804 1607 p.
832 1527 910 1590 632:
933 1576 939 1588 .
960 1575 966 1588 .
986 1575 992 1588 .
1014 1526 1195 1601 humanum,

183 1615 294 1696 porei.
309 1663 338 1677 ..
361 1616 423 1676 Lm.
451 1615 493 1696 Β,
520 1619 603 1694 quasi
630 1624 710 1676 terra
736 1635 829 1695 genus
856 1617 1017 1677 humanum
1044 1635 1080 1677 eo
1108 1616 1195 1678 modo

190 1708 297 1785 pariat,
324 1723 381 1782 quo
410 1704 546 1786 arbores,
572 1723 632 1765 non
664 1723 699 1764 eo
732 1723 789 1782 quo
820 1713 918 1765 cetera
946 1705 1096 1786 animalia,
1125 1708 1145 1765 i.
1174 1722 1195 1762 e.

190 1792 295 1872 pabula
318 1791 476 1870 praebens,
503 1799 536 1853 ut
563 1799 593 1852 et
615 1795 713 1854 vivere
739 1801 769 1853 et
790 1795 884 1852 vivom
906 1796 1080 1872 progeniem
1107 1794 1194 1855 edere

190 1883 314 1961 possint.
333 1914 375 1923 —
397 1876 479 1942 1001
497 1899 538 1961 sq.
562 1883 592 1943 et
612 1881 732 1959 efficit
754 1874 863 1965 (mors)
885 1898 990 1943 omues
1010 1898 1059 1943 res
1082 1889 1130 1945 ut
1148 1930 1155 1942 .
1170 1928 1194 1941 ..

191 1969 249 2040 OQ.
263 1969 315 2029 Mr.
331 1968 395 2029 odd.
415 1972 444 2030 ei
458 1968 496 2049 pii
511 1972 546 2031 ut
558 1986 660 2031 omnes
677 1987 726 2031 res
743 1968 810 2031 iio.
826 2018 832 2029 .
848 2017 854 2031 .
873 1970 934 2031 Lm.
949 1970 980 2030 B.
996 2003 1038 2014 —
1057 1968 1144 2033 1008
1155 1988 1193 2048 sq.

190 2056 271 2137 qood
287 2056 322 2118 io
341 2055 471 2119 33333333
488 2055 612 2135 fluiiusre
629 2056 766 2119 videmus
783 2055 871 2120 rebus
889 2061 907 2118 i.
927 2077 951 2119 e.
971 2058 1086 2119 colores
1103 2063 1136 2121 et
1150 2057 1195 2119 io

191 2143 309 2207 ierdwm
334 2144 422 2207 33333
447 2142 602 2224 subitoque
617 2144 723 2223 perere
744 2149 764 2207 i.
787 2165 812 2206 e.
837 2165 950 2207 sensus.
973 2146 1032 2218 00.
1056 2147 1122 2208 edd.
1146 2146 1192 2207 Mr.

193 2234 288 2295 Giuss
317 2231 353 2294 In
379 2232 493 2295 3333333
516 2237 660 2294 sentenua
683 2252 743 2294 non
764 2241 845 2295 recte
874 2243 994 2313 occepta
1015 2234 1078 2296 Lm.
1100 2232 1138 2296 Β.
1162 2233 1194 2293 oi.

192 2323 227 2384 ad
252 2322 265 2382 I
287 2319 352 2383 990
367 2341 409 2401 sq.
438 2330 468 2382 et
495 2322 531 2382 od
558 2322 584 2381 Π
610 2320 685 2384 474.
708 2355 752 2367 -
768 2320 780 2401 fl
799 2319 1015 2385 1010-1018
1039 2321 1051 2403 ss
1075 2325 1112 2384 of.
1132 2340 1192 2384 ann.

191 2411 289 2489 philol.
310 2407 396 2473 1875
414 2430 442 2489 p.
460 2408 523 2472 623
543 2417 572 2469 et
591 2428 680 2489 supro
697 2430 725 2489 p.
739 2410 823 2470 XVII.
838 2445 880 2453 -
901 2408 986 2473 1026
998 2411 1194 2490 3333133333

192 2498 250 2569 OQ.
265 2497 363 2576 vulgo:
383 2499 419 2558 de
438 2497 610 2558 anacolutho
628 2517 654 2557 v.
668 2518 696 2577 p.
710 2498 803 2558 XXIII
815 2498 964 2577 pempeio
977 2500 1038 2560 Lm.
1052 2498 1193 2579 suspicio

192 2586 223 2645 B.
242 2586 294 2646 ΜΓ.
314 2619 357 2628 -
377 2583 461 2647 1029
485 2587 597 2647 extent
613 2585 701 2647 Oreil.
720 2586 782 2647 Lm.
801 2590 900 2648 esseut
920 2587 979 2659 00.
997 2587 1028 2647 B.
1051 2622 1090 2631 -—
1114 2583 1193 2650 1030

191 2672 221 2735 33
243 2672 308 2734 so'ui
328 2672 441 2735 obieeta
463 2673 521 2745 OQ.
540 2694 584 2752 vg.
603 2673 665 2734 Lm.
684 2674 736 2734 ΜΓ.
757 2673 827 2737 uisu
847 2673 981 2737 33533333
998 2676 1028 2736 Β.
1051 2711 1089 2721 —-
1114 2671 1193 2738 1054

193 2764 223 2823 ei
238 2758 317 2839 epse,
335 2761 433 2839 philol.
452 2762 528 2822 XXV
543 2760 584 2823 89
600 2781 656 2841 sq.:
676 2764 706 2823 ei
720 2761 792 2842 Ipso
810 2764 868 2835 OQ.
888 2764 952 2824 edd.
967 2798 1010 2809 -
1026 2762 1111 2827 1057
1131 2781 1193 2827 oon·

193 2851 298 2928 33333,
331 2848 401 2909 ibid.
428 2870 456 2929 p.
487 2847 543 2911 90:
578 2848 711 2911 coniecto
742 2849 800 2922 OQ.
836 2855 975 2914 33333333
1007 2852 1069 2913 Lm.
1096 2854 1128 2914 B.
1156 2882 1192 2897 ν

195 2934 411 2999 1066-1068
430 2956 513 2999 nouo
530 2944 567 3000 et
584 2936 752 3000 semineus
765 2937 796 3001 si
807 2942 835 3000 ii:
849 2958 952 3002 omues
965 2931 1082 3020 eoque
1095 2941 1193 3003 eudem

193 3028 309 3086 uouere
325 3027 440 3101 monet,
466 3026 565 3104 philol.
585 3026 660 3086 XXV
679 3025 734 3088 90:
755 3062 793 3071 -
811 3076 817 3089 .
837 3076 843 3089 .
863 3076 870 3088 .
892 3028 941 3090 oo's
962 3028 1066 3091 eadem
1084 3033 1194 3091 moero

194 3113 251 3183 00.
271 3131 308 3175 eso
320 3110 495 3190 seminibus,
517 3112 734 3196 si...omoi3‚
752 3115 829 3195 puIs'
840 3116 901 3177 Lm.
920 3117 951 3177 Β.
967 3152 1010 3162 -
1026 3115 1112 3181 1076
1130 3114 1192 3179 ouo

193 3198 340 3263 molibus
362 3198 450 3262 333333
471 3205 607 3263 mentem.
644 3203 753 3264 ka.:
776 3204 877 3267 Indice
896 3208 994 3267 mente
1012 3205 1070 3277 OQ.
1089 3204 1193 3269 malou

195 3284 327 3374 (ioolo'te)
352 3285 485 3350 Memmi
508 3290 632 3351 Gronov.
651 3292 713 3352 Lm.
732 3292 763 3352 B.
782 3292 868 3355 ado'oe
889 3296 1018 3356 mentem
1035 3295 1141 3377 Tohte,
1162 3294 1191 3355 oi.

195 3397 261 3439 ann.
287 3378 403 3438 Lucret.
430 3374 513 3439 1879
537 3397 564 3456 p.
589 3376 631 3440 95
655 3380 751 3441 Giuss.
774 3379 930 3443 uuo'molo‘u
950 3380 1015 3444 siut
1034 3380 1192 3445 (7333333373

194 3466 265 3526 Poll.
285 3466 321 3527 de
345 3473 398 3526 art.
422 3483 483 3525 voc.
502 3484 529 3543 p.
550 3464 600 3527 28.
624 3502 668 3511 -
688 3466 773 3531 1085
795 3469 877 3549 quod
896 3468 968 3534 hino
987 3469 1194 3551 penoraiuousi

1232 3063 1234 3194 I
