<?xml version="1.0" encoding="UTF-8"?>
<!DOCTYPE html PUBLIC "-//W3C//DTD XHTML 1.0 Transitional//EN"
    "http://www.w3.org/TR/xhtml1/DTD/xhtml1-transitional.dtd">
<html xmlns="http://www.w3.org/1999/xhtml" xml:lang="en" lang="en">
 <head>
  <title>
</title>
<meta http-equiv="Content-Type" content="text/html;charset=utf-8" />
  <meta name='ocr-system' content='tesseract 3.04.00' />
  <meta name='ocr-capabilities' content='ocr_page ocr_carea ocr_par ocr_line ocrx_word'/>
</head>
<body>
  <div class='ocr_page' id='page_1' title='image "./dererumnaturali00briegoog_0163.png"; bbox 0 0 2484 3800; ppageno 0'>
   <div class='ocr_carea' id='block_1_1' title="bbox 541 158 1065 223">
    <p class='ocr_par' dir='ltr' id='par_1_1' title="bbox 541 158 1065 223">
     <span class='ocr_line' id='line_1_1' title="bbox 541 158 1065 223; baseline -0.019 10"><span class='ocrx_word' id='word_1_1' title='bbox 541 160 582 215; x_wconf 83' lang='grc' dir='ltr'>ΠΙ</span> <span class='ocrx_word' id='word_1_2' title='bbox 1023 158 1065 223; x_wconf 74' lang='grc'>75</span> 
     </span>
    </p>
   </div>
   <div class='ocr_carea' id='block_1_2' title="bbox 56 304 1067 3464">
    <p class='ocr_par' dir='ltr' id='par_1_2' title="bbox 130 304 1025 740">
     <span class='ocr_line' id='line_1_2' title="bbox 131 304 951 386; baseline 0 -18"><span class='ocrx_word' id='word_1_3' title='bbox 131 304 171 368; x_wconf 76' lang='lat' dir='ltr'>‘at</span> <span class='ocrx_word' id='word_1_4' title='bbox 193 308 317 368; x_wconf 89' lang='lat' dir='ltr'>dimissa</span> <span class='ocrx_word' id='word_1_5' title='bbox 339 309 436 367; x_wconf 88' lang='lat' dir='ltr'>anima</span> <span class='ocrx_word' id='word_1_6' title='bbox 459 325 566 386; x_wconf 89' lang='lat' dir='ltr'>corpus</span> <span class='ocrx_word' id='word_1_7' title='bbox 590 314 671 367; x_wconf 88' lang='lat' dir='ltr'>caret</span> <span class='ocrx_word' id='word_1_8' title='bbox 693 308 824 386; x_wconf 88' lang='lat' dir='ltr'>undique</span> <span class='ocrx_word' id='word_1_9' title='bbox 849 325 951 368; x_wconf 89' lang='lat' dir='ltr'>sensu:</span> 
     </span>
     <span class='ocr_line' id='line_1_3' title="bbox 130 388 1025 475; baseline -0.001 -20"><span class='ocrx_word' id='word_1_10' title='bbox 130 396 228 475; x_wconf 83' lang='lat' dir='ltr'><strong>perdit</strong></span> <span class='ocrx_word' id='word_1_11' title='bbox 249 397 331 456; x_wconf 89' lang='lat' dir='ltr'>enim</span> <span class='ocrx_word' id='word_1_12' title='bbox 353 394 432 473; x_wconf 88' lang='lat' dir='ltr'>quod</span> <span class='ocrx_word' id='word_1_13' title='bbox 454 413 514 455; x_wconf 92' lang='lat' dir='ltr'>non</span> <span class='ocrx_word' id='word_1_14' title='bbox 536 398 690 474; x_wconf 92' lang='lat' dir='ltr'>proprium</span> <span class='ocrx_word' id='word_1_15' title='bbox 713 396 769 456; x_wconf 86' lang='lat' dir='ltr'>fuit</span> <span class='ocrx_word' id='word_1_16' title='bbox 791 398 856 456; x_wconf 92' lang='lat' dir='ltr'>eius</span> <span class='ocrx_word' id='word_1_17' title='bbox 878 398 910 456; x_wconf 91' lang='lat' dir='ltr'>in</span> <span class='ocrx_word' id='word_1_18' title='bbox 933 388 1025 455; x_wconf 68' lang='lat' dir='ltr'>aevo?</span> 
     </span>
     <span class='ocr_line' id='line_1_4' title="bbox 554 502 573 540; baseline 0 0"><span class='ocrx_word' id='word_1_19' title='bbox 554 502 573 540; x_wconf 64' lang='lat' dir='ltr'>ss</span> 
     </span>
     <span class='ocr_line' id='line_1_5' title="bbox 130 570 932 650; baseline 0 -19"><span class='ocrx_word' id='word_1_20' title='bbox 130 571 281 650; x_wconf 87' lang='lat' dir='ltr'>multaque</span> <span class='ocrx_word' id='word_1_21' title='bbox 303 578 458 650; x_wconf 91' lang='lat' dir='ltr'>praeterea</span> <span class='ocrx_word' id='word_1_22' title='bbox 480 571 578 650; x_wconf 85' lang='lat' dir='ltr'><strong>perdit</strong></span> <span class='ocrx_word' id='word_1_23' title='bbox 601 590 690 650; x_wconf 88' lang='lat' dir='ltr'>quam</span> <span class='ocrx_word' id='word_1_24' title='bbox 712 570 833 650; x_wconf 82' lang='lat' dir='ltr'>pellitur</span> <span class='ocrx_word' id='word_1_25' title='bbox 856 578 932 631; x_wconf 90' lang='lat' dir='ltr'>ante.</span> 
     </span>
     <span class='ocr_line' id='line_1_6' title="bbox 174 658 1005 740; baseline 0 -21"><span class='ocrx_word' id='word_1_26' title='bbox 174 659 278 720; x_wconf 81' lang='lat' dir='ltr'>Dicere</span> <span class='ocrx_word' id='word_1_27' title='bbox 301 677 391 738; x_wconf 92' lang='lat' dir='ltr'>porro</span> <span class='ocrx_word' id='word_1_28' title='bbox 414 658 515 721; x_wconf 90' lang='lat' dir='ltr'>oculos</span> <span class='ocrx_word' id='word_1_29' title='bbox 537 658 649 720; x_wconf 89' lang='lat' dir='ltr'>nullam</span> <span class='ocrx_word' id='word_1_30' title='bbox 671 677 736 719; x_wconf 89' lang='lat' dir='ltr'>rem</span> <span class='ocrx_word' id='word_1_31' title='bbox 758 677 881 720; x_wconf 86' lang='lat' dir='ltr'>cernere</span> <span class='ocrx_word' id='word_1_32' title='bbox 903 678 1005 740; x_wconf 90' lang='lat' dir='ltr'>posse,</span> 
     </span>
    </p>

    <p class='ocr_par' dir='ltr' id='par_1_3' title="bbox 56 747 999 1002">
     <span class='ocr_line' id='line_1_7' title="bbox 56 747 999 828; baseline -0.005 -16"><span class='ocrx_word' id='word_1_33' title='bbox 56 764 114 813; x_wconf 79' lang='grc'>000</span> <span class='ocrx_word' id='word_1_34' title='bbox 132 747 184 807; x_wconf 89' lang='lat' dir='ltr'>sed</span> <span class='ocrx_word' id='word_1_35' title='bbox 204 765 261 827; x_wconf 91' lang='lat' dir='ltr'>per</span> <span class='ocrx_word' id='word_1_36' title='bbox 282 765 334 808; x_wconf 89' lang='lat' dir='ltr'>eos</span> <span class='ocrx_word' id='word_1_37' title='bbox 358 749 489 808; x_wconf 92' lang='lat' dir='ltr'>animum</span> <span class='ocrx_word' id='word_1_38' title='bbox 510 755 544 807; x_wconf 91' lang='lat' dir='ltr'>ut</span> <span class='ocrx_word' id='word_1_39' title='bbox 566 747 680 808; x_wconf 84' lang='lat' dir='ltr'>loribus</span> <span class='ocrx_word' id='word_1_40' title='bbox 704 753 836 827; x_wconf 87' lang='lat' dir='ltr'>spectare</span> <span class='ocrx_word' id='word_1_41' title='bbox 860 747 999 828; x_wconf 85' lang='lat' dir='ltr'>reclusis,</span> 
     </span>
     <span class='ocr_line' id='line_1_8' title="bbox 132 834 876 915; baseline 0 -20"><span class='ocrx_word' id='word_1_42' title='bbox 132 834 293 915; x_wconf 88' lang='lat' dir='ltr'>difficilest,</span> <span class='ocrx_word' id='word_1_43' title='bbox 317 843 419 895; x_wconf 91' lang='lat' dir='ltr'>contra</span> <span class='ocrx_word' id='word_1_44' title='bbox 442 854 509 896; x_wconf 92' lang='lat' dir='ltr'>cum</span> <span class='ocrx_word' id='word_1_45' title='bbox 532 853 638 896; x_wconf 89' lang='lat' dir='ltr'>sensus</span> <span class='ocrx_word' id='word_1_46' title='bbox 661 836 739 896; x_wconf 83' lang='lat' dir='ltr'>dicat</span> <span class='ocrx_word' id='word_1_47' title='bbox 761 853 876 915; x_wconf 82' lang='lat' dir='ltr'>eorum3</span> 
     </span>
     <span class='ocr_line' id='line_1_9' title="bbox 132 922 980 1002; baseline -0.002 -19"><span class='ocrx_word' id='word_1_48' title='bbox 132 941 237 983; x_wconf 91' lang='lat' dir='ltr'>sensus</span> <span class='ocrx_word' id='word_1_49' title='bbox 260 925 341 983; x_wconf 89' lang='lat' dir='ltr'>enim</span> <span class='ocrx_word' id='word_1_50' title='bbox 363 923 453 983; x_wconf 88' lang='lat' dir='ltr'>trabit</span> <span class='ocrx_word' id='word_1_51' title='bbox 475 931 563 1002; x_wconf 90' lang='lat' dir='ltr'>atque</span> <span class='ocrx_word' id='word_1_52' title='bbox 586 926 665 984; x_wconf 89' lang='lat' dir='ltr'>acies</span> <span class='ocrx_word' id='word_1_53' title='bbox 689 923 819 983; x_wconf 87' lang='lat' dir='ltr'>detrudit</span> <span class='ocrx_word' id='word_1_54' title='bbox 842 922 878 983; x_wconf 93' lang='lat' dir='ltr'>ad</span> <span class='ocrx_word' id='word_1_55' title='bbox 900 924 980 1001; x_wconf 90' lang='lat' dir='ltr'>ipsas</span> 
     </span>
    </p>

    <p class='ocr_par' dir='ltr' id='par_1_4' title="bbox 556 1030 575 1068">
     <span class='ocr_line' id='line_1_10' title="bbox 556 1030 575 1068; baseline 0 0"><span class='ocrx_word' id='word_1_56' title='bbox 556 1030 575 1068; x_wconf 64' lang='lat' dir='ltr'>ss</span> 
     </span>
    </p>

    <p class='ocr_par' dir='ltr' id='par_1_5' title="bbox 131 1098 981 1265">
     <span class='ocr_line' id='line_1_11' title="bbox 132 1098 981 1179; baseline 0 -21"><span class='ocrx_word' id='word_1_57' title='bbox 132 1098 242 1177; x_wconf 80' lang='lat' dir='ltr'>fulgida</span> <span class='ocrx_word' id='word_1_58' title='bbox 264 1100 442 1177; x_wconf 86' lang='lat' dir='ltr'>praesertim</span> <span class='ocrx_word' id='word_1_59' title='bbox 465 1118 532 1160; x_wconf 90' lang='lat' dir='ltr'>cum</span> <span class='ocrx_word' id='word_1_60' title='bbox 554 1117 678 1159; x_wconf 91' lang='lat' dir='ltr'>cernere</span> <span class='ocrx_word' id='word_1_61' title='bbox 700 1116 788 1177; x_wconf 86' lang='lat' dir='ltr'>saepe</span> <span class='ocrx_word' id='word_1_62' title='bbox 811 1100 981 1179; x_wconf 74' lang='lat' dir='ltr'>nequimuS‚</span> 
     </span>
     <span class='ocr_line' id='line_1_12' title="bbox 131 1185 889 1265; baseline 0 -19"><span class='ocrx_word' id='word_1_63' title='bbox 131 1186 244 1247; x_wconf 92' lang='lat' dir='ltr'>lumina</span> <span class='ocrx_word' id='word_1_64' title='bbox 265 1186 427 1247; x_wconf 85' lang='lat' dir='ltr'>luminibus</span> <span class='ocrx_word' id='word_1_65' title='bbox 452 1189 520 1265; x_wconf 90' lang='lat' dir='ltr'>quia</span> <span class='ocrx_word' id='word_1_66' title='bbox 542 1186 628 1247; x_wconf 89' lang='lat' dir='ltr'>nobis</span> <span class='ocrx_word' id='word_1_67' title='bbox 650 1185 889 1265; x_wconf 88' lang='lat' dir='ltr'>praepediuntur.</span> 
     </span>
    </p>

    <p class='ocr_par' dir='ltr' id='par_1_6' title="bbox 58 1274 1067 1705">
     <span class='ocr_line' id='line_1_13' title="bbox 58 1274 1067 1353; baseline -0.008 -13"><span class='ocrx_word' id='word_1_68' title='bbox 58 1289 114 1340; x_wconf 81' lang='grc'>005</span> <span class='ocrx_word' id='word_1_69' title='bbox 131 1274 210 1353; x_wconf 90' lang='lat' dir='ltr'>quod</span> <span class='ocrx_word' id='word_1_70' title='bbox 238 1274 352 1335; x_wconf 86' lang='lat' dir='ltr'>foribus</span> <span class='ocrx_word' id='word_1_71' title='bbox 381 1292 442 1335; x_wconf 92' lang='lat' dir='ltr'>non</span> <span class='ocrx_word' id='word_1_72' title='bbox 462 1276 509 1335; x_wconf 84' lang='lat' dir='ltr'>fit:</span> <span class='ocrx_word' id='word_1_73' title='bbox 536 1292 633 1353; x_wconf 84' lang='lat' dir='ltr'>neque</span> <span class='ocrx_word' id='word_1_74' title='bbox 656 1276 736 1334; x_wconf 91' lang='lat' dir='ltr'>enim</span> <span class='ocrx_word' id='word_1_75' title='bbox 758 1291 815 1352; x_wconf 91' lang='lat' dir='ltr'>qua</span> <span class='ocrx_word' id='word_1_76' title='bbox 837 1276 986 1335; x_wconf 88' lang='lat' dir='ltr'>cernimus</span> <span class='ocrx_word' id='word_1_77' title='bbox 1008 1275 1067 1353; x_wconf 90' lang='lat' dir='ltr'>ipsi</span> 
     </span>
     <span class='ocr_line' id='line_1_14' title="bbox 130 1360 808 1442; baseline 0 -20"><span class='ocrx_word' id='word_1_78' title='bbox 130 1365 207 1423; x_wconf 87' lang='lat' dir='ltr'>ostia</span> <span class='ocrx_word' id='word_1_79' title='bbox 229 1365 397 1442; x_wconf 90' lang='lat' dir='ltr'>suscipiunt</span> <span class='ocrx_word' id='word_1_80' title='bbox 418 1362 511 1423; x_wconf 92' lang='lat' dir='ltr'>ullum</span> <span class='ocrx_word' id='word_1_81' title='bbox 532 1362 649 1424; x_wconf 88' lang='lat' dir='ltr'>reclusa</span> <span class='ocrx_word' id='word_1_82' title='bbox 669 1360 808 1422; x_wconf 91' lang='lat' dir='ltr'>laborem.</span> 
     </span>
     <span class='ocr_line' id='line_1_15' title="bbox 129 1449 907 1530; baseline -0.003 -19"><span class='ocrx_word' id='word_1_83' title='bbox 129 1457 285 1530; x_wconf 89' lang='lat' dir='ltr'>practerea</span> <span class='ocrx_word' id='word_1_84' title='bbox 307 1453 334 1511; x_wconf 93' lang='lat' dir='ltr'>si</span> <span class='ocrx_word' id='word_1_85' title='bbox 356 1468 411 1529; x_wconf 94' lang='lat' dir='ltr'>pro</span> <span class='ocrx_word' id='word_1_86' title='bbox 433 1450 546 1511; x_wconf 83' lang='lat' dir='ltr'>loribus</span> <span class='ocrx_word' id='word_1_87' title='bbox 570 1457 640 1511; x_wconf 86' lang='lat' dir='ltr'>sunt</span> <span class='ocrx_word' id='word_1_88' title='bbox 661 1449 772 1511; x_wconf 92' lang='lat' dir='ltr'>lumina</span> <span class='ocrx_word' id='word_1_89' title='bbox 794 1458 907 1530; x_wconf 88' lang='lat' dir='ltr'>nostra,</span> 
     </span>
     <span class='ocr_line' id='line_1_16' title="bbox 129 1537 861 1617; baseline 0 -19"><span class='ocrx_word' id='word_1_90' title='bbox 129 1542 190 1598; x_wconf 93' lang='lat' dir='ltr'>iam</span> <span class='ocrx_word' id='word_1_91' title='bbox 212 1539 307 1617; x_wconf 83' lang='lat' dir='ltr'>magis</span> <span class='ocrx_word' id='word_1_92' title='bbox 331 1540 475 1617; x_wconf 81' lang='lat' dir='ltr'>exemptis</span> <span class='ocrx_word' id='word_1_93' title='bbox 497 1537 591 1598; x_wconf 91' lang='lat' dir='ltr'>oculis</span> <span class='ocrx_word' id='word_1_94' title='bbox 613 1537 722 1599; x_wconf 91' lang='lat' dir='ltr'>debere</span> <span class='ocrx_word' id='word_1_95' title='bbox 744 1537 861 1599; x_wconf 87' lang='lat' dir='ltr'>ridetur</span> 
     </span>
     <span class='ocr_line' id='line_1_17' title="bbox 130 1625 873 1705; baseline -0.001 -18"><span class='ocrx_word' id='word_1_96' title='bbox 130 1644 256 1687; x_wconf 87' lang='lat' dir='ltr'>cernere</span> <span class='ocrx_word' id='word_1_97' title='bbox 278 1644 328 1686; x_wconf 88' lang='lat' dir='ltr'>res</span> <span class='ocrx_word' id='word_1_98' title='bbox 351 1628 466 1687; x_wconf 88' lang='lat' dir='ltr'>animus</span> <span class='ocrx_word' id='word_1_99' title='bbox 490 1626 612 1687; x_wconf 90' lang='lat' dir='ltr'>sublatis</span> <span class='ocrx_word' id='word_1_100' title='bbox 634 1625 768 1705; x_wconf 89' lang='lat' dir='ltr'>postibus</span> <span class='ocrx_word' id='word_1_101' title='bbox 791 1628 873 1705; x_wconf 86' lang='lat' dir='ltr'>ipsis.</span> 
     </span>
    </p>

    <p class='ocr_par' dir='ltr' id='par_1_7' title="bbox 60 1713 968 2127">
     <span class='ocr_line' id='line_1_18' title="bbox 60 1713 968 1794; baseline -0.006 -16"><span class='ocrx_word' id='word_1_102' title='bbox 60 1729 111 1779; x_wconf 75' lang='lat'>3⁷0</span> <span class='ocrx_word' id='word_1_103' title='bbox 174 1713 251 1774; x_wconf 93' lang='lat' dir='ltr'>lllud</span> <span class='ocrx_word' id='word_1_104' title='bbox 274 1716 306 1774; x_wconf 93' lang='lat' dir='ltr'>in</span> <span class='ocrx_word' id='word_1_105' title='bbox 328 1714 375 1775; x_wconf 90' lang='lat' dir='ltr'>bis</span> <span class='ocrx_word' id='word_1_106' title='bbox 398 1713 488 1774; x_wconf 91' lang='lat' dir='ltr'>rebus</span> <span class='ocrx_word' id='word_1_107' title='bbox 510 1732 696 1793; x_wconf 90' lang='lat' dir='ltr'>nequaquam</span> <span class='ocrx_word' id='word_1_108' title='bbox 718 1732 836 1775; x_wconf 89' lang='lat' dir='ltr'>sumere</span> <span class='ocrx_word' id='word_1_109' title='bbox 857 1715 968 1794; x_wconf 85' lang='lat' dir='ltr'>possis,</span> 
     </span>
     <span class='ocr_line' id='line_1_19' title="bbox 130 1802 897 1881; baseline -0.001 -19"><span class='ocrx_word' id='word_1_110' title='bbox 130 1802 295 1863; x_wconf 86' lang='lat' dir='ltr'>Democriti</span> <span class='ocrx_word' id='word_1_111' title='bbox 324 1803 401 1880; x_wconf 90' lang='lat' dir='ltr'>quod</span> <span class='ocrx_word' id='word_1_112' title='bbox 432 1807 533 1862; x_wconf 87' lang='lat' dir='ltr'>sancta</span> <span class='ocrx_word' id='word_1_113' title='bbox 554 1804 610 1863; x_wconf 89' lang='lat' dir='ltr'>viri</span> <span class='ocrx_word' id='word_1_114' title='bbox 633 1804 779 1862; x_wconf 80' lang='lat' dir='ltr'>sententia</span> <span class='ocrx_word' id='word_1_115' title='bbox 801 1804 897 1881; x_wconf 83' lang='lat' dir='ltr'>ponit,</span> 
     </span>
     <span class='ocr_line' id='line_1_20' title="bbox 130 1889 938 1971; baseline -0.002 -19"><span class='ocrx_word' id='word_1_116' title='bbox 130 1892 267 1970; x_wconf 89' lang='lat' dir='ltr'>corporis</span> <span class='ocrx_word' id='word_1_117' title='bbox 289 1896 378 1970; x_wconf 84' lang='lat' dir='ltr'>atque</span> <span class='ocrx_word' id='word_1_118' title='bbox 401 1892 492 1950; x_wconf 93' lang='lat' dir='ltr'>animi</span> <span class='ocrx_word' id='word_1_119' title='bbox 513 1889 687 1971; x_wconf 85' lang='lat' dir='ltr'>primordia,</span> <span class='ocrx_word' id='word_1_120' title='bbox 711 1889 824 1969; x_wconf 83' lang='lat' dir='ltr'>singula</span> <span class='ocrx_word' id='word_1_121' title='bbox 846 1890 938 1970; x_wconf 86' lang='lat' dir='ltr'>priris</span> 
     </span>
     <span class='ocr_line' id='line_1_21' title="bbox 130 1977 934 2058; baseline -0.002 -19"><span class='ocrx_word' id='word_1_122' title='bbox 130 1979 280 2058; x_wconf 77' lang='lat' dir='ltr'>adposita,</span> <span class='ocrx_word' id='word_1_123' title='bbox 302 1978 424 2038; x_wconf 86' lang='lat' dir='ltr'>alternis</span> <span class='ocrx_word' id='word_1_124' title='bbox 446 1979 573 2058; x_wconf 84' lang='lat' dir='ltr'>variare,</span> <span class='ocrx_word' id='word_1_125' title='bbox 596 1996 630 2038; x_wconf 91' lang='lat' dir='ltr'>ac</span> <span class='ocrx_word' id='word_1_126' title='bbox 652 1984 771 2039; x_wconf 89' lang='lat' dir='ltr'>nectere</span> <span class='ocrx_word' id='word_1_127' title='bbox 793 1977 934 2039; x_wconf 90' lang='lat' dir='ltr'>membra.</span> 
     </span>
     <span class='ocr_line' id='line_1_22' title="bbox 130 2065 940 2127; baseline -0.001 0"><span class='ocrx_word' id='word_1_128' title='bbox 130 2085 203 2127; x_wconf 93' lang='lat' dir='ltr'>nam</span> <span class='ocrx_word' id='word_1_129' title='bbox 225 2084 293 2126; x_wconf 91' lang='lat' dir='ltr'>cum</span> <span class='ocrx_word' id='word_1_130' title='bbox 314 2066 406 2126; x_wconf 90' lang='lat' dir='ltr'>multo</span> <span class='ocrx_word' id='word_1_131' title='bbox 420 2073 499 2126; x_wconf 90' lang='lat' dir='ltr'>sunt</span> <span class='ocrx_word' id='word_1_132' title='bbox 521 2068 636 2126; x_wconf 91' lang='lat' dir='ltr'>animae</span> <span class='ocrx_word' id='word_1_133' title='bbox 659 2065 803 2126; x_wconf 90' lang='lat' dir='ltr'>elementa</span> <span class='ocrx_word' id='word_1_134' title='bbox 824 2068 940 2126; x_wconf 89' lang='lat' dir='ltr'>minora</span> 
     </span>
    </p>

    <p class='ocr_par' dir='ltr' id='par_1_8' title="bbox 59 2151 994 2585">
     <span class='ocr_line' id='line_1_23' title="bbox 59 2151 989 2234; baseline -0.008 -15"><span class='ocrx_word' id='word_1_135' title='bbox 59 2169 111 2221; x_wconf 76' lang='lat' dir='ltr'>aro</span> <span class='ocrx_word' id='word_1_136' title='bbox 131 2172 223 2234; x_wconf 87' lang='lat' dir='ltr'>quam</span> <span class='ocrx_word' id='word_1_137' title='bbox 245 2153 354 2232; x_wconf 89' lang='lat' dir='ltr'>quibus</span> <span class='ocrx_word' id='word_1_138' title='bbox 377 2171 394 2214; x_wconf 89' lang='lat' dir='ltr'>e</span> <span class='ocrx_word' id='word_1_139' title='bbox 416 2171 524 2232; x_wconf 89' lang='lat' dir='ltr'>corpus</span> <span class='ocrx_word' id='word_1_140' title='bbox 547 2151 633 2212; x_wconf 92' lang='lat' dir='ltr'>nobis</span> <span class='ocrx_word' id='word_1_141' title='bbox 657 2161 686 2214; x_wconf 90' lang='lat' dir='ltr'>et</span> <span class='ocrx_word' id='word_1_142' title='bbox 707 2156 821 2214; x_wconf 85' lang='lat' dir='ltr'>viscera</span> <span class='ocrx_word' id='word_1_143' title='bbox 843 2159 989 2233; x_wconf 86' lang='lat' dir='ltr'>constant,</span> 
     </span>
     <span class='ocr_line' id='line_1_24' title="bbox 131 2241 994 2321; baseline -0.003 -19"><span class='ocrx_word' id='word_1_144' title='bbox 131 2250 198 2303; x_wconf 91' lang='lat' dir='ltr'>tum</span> <span class='ocrx_word' id='word_1_145' title='bbox 220 2259 344 2302; x_wconf 91' lang='lat' dir='ltr'>numero</span> <span class='ocrx_word' id='word_1_146' title='bbox 368 2259 485 2320; x_wconf 89' lang='lat' dir='ltr'>quoque</span> <span class='ocrx_word' id='word_1_147' title='bbox 508 2241 674 2302; x_wconf 91' lang='lat' dir='ltr'>concedunt</span> <span class='ocrx_word' id='word_1_148' title='bbox 696 2247 727 2301; x_wconf 83' lang='lat' dir='ltr'>et</span> <span class='ocrx_word' id='word_1_149' title='bbox 748 2259 815 2302; x_wconf 89' lang='lat' dir='ltr'>rara</span> <span class='ocrx_word' id='word_1_150' title='bbox 836 2260 891 2321; x_wconf 91' lang='lat' dir='ltr'>per</span> <span class='ocrx_word' id='word_1_151' title='bbox 913 2247 994 2300; x_wconf 93' lang='lat' dir='ltr'>artus</span> 
     </span>
     <span class='ocr_line' id='line_1_25' title="bbox 131 2329 979 2410; baseline -0.004 -20"><span class='ocrx_word' id='word_1_152' title='bbox 131 2331 239 2391; x_wconf 89' lang='lat' dir='ltr'>dissita</span> <span class='ocrx_word' id='word_1_153' title='bbox 262 2336 332 2391; x_wconf 91' lang='lat' dir='ltr'>sunt</span> <span class='ocrx_word' id='word_1_154' title='bbox 354 2329 517 2410; x_wconf 80' lang='lat' dir='ltr'>dumtaxat3</span> <span class='ocrx_word' id='word_1_155' title='bbox 540 2336 573 2389; x_wconf 91' lang='lat' dir='ltr'>ut</span> <span class='ocrx_word' id='word_1_156' title='bbox 594 2330 651 2390; x_wconf 92' lang='lat' dir='ltr'>hoc</span> <span class='ocrx_word' id='word_1_157' title='bbox 673 2331 845 2408; x_wconf 84' lang='lat' dir='ltr'>promittere</span> <span class='ocrx_word' id='word_1_158' title='bbox 868 2330 979 2408; x_wconf 85' lang='lat' dir='ltr'>possis,</span> 
     </span>
     <span class='ocr_line' id='line_1_26' title="bbox 132 2416 863 2497; baseline -0.001 -19"><span class='ocrx_word' id='word_1_159' title='bbox 132 2416 274 2497; x_wconf 88' lang='lat' dir='ltr'>quantula</span> <span class='ocrx_word' id='word_1_160' title='bbox 296 2420 393 2497; x_wconf 91' lang='lat' dir='ltr'>prima</span> <span class='ocrx_word' id='word_1_161' title='bbox 415 2424 524 2496; x_wconf 89' lang='lat' dir='ltr'>queant</span> <span class='ocrx_word' id='word_1_162' title='bbox 545 2416 632 2477; x_wconf 90' lang='lat' dir='ltr'>nobis</span> <span class='ocrx_word' id='word_1_163' title='bbox 654 2419 761 2477; x_wconf 89' lang='lat' dir='ltr'>iniecta</span> <span class='ocrx_word' id='word_1_164' title='bbox 785 2420 863 2477; x_wconf 92' lang='lat' dir='ltr'>ciere</span> 
     </span>
     <span class='ocr_line' id='line_1_27' title="bbox 131 2505 878 2585; baseline -0.003 -19"><span class='ocrx_word' id='word_1_165' title='bbox 131 2523 259 2584; x_wconf 86' lang='lat' dir='ltr'>corpora</span> <span class='ocrx_word' id='word_1_166' title='bbox 282 2505 442 2566; x_wconf 78' lang='lat' dir='ltr'>sensiferos</span> <span class='ocrx_word' id='word_1_167' title='bbox 464 2510 562 2564; x_wconf 82' lang='lat' dir='ltr'>motus</span> <span class='ocrx_word' id='word_1_168' title='bbox 584 2507 617 2565; x_wconf 92' lang='lat' dir='ltr'>in</span> <span class='ocrx_word' id='word_1_169' title='bbox 639 2523 776 2585; x_wconf 86' lang='lat' dir='ltr'>corpore,</span> <span class='ocrx_word' id='word_1_170' title='bbox 798 2510 878 2565; x_wconf 84' lang='lat' dir='ltr'>tanta</span> 
     </span>
    </p>

    <p class='ocr_par' dir='ltr' id='par_1_9' title="bbox 57 2592 995 3024">
     <span class='ocr_line' id='line_1_28' title="bbox 57 2592 797 2671; baseline -0.009 -12"><span class='ocrx_word' id='word_1_171' title='bbox 57 2610 112 2660; x_wconf 80' lang='lat'>³80</span> <span class='ocrx_word' id='word_1_172' title='bbox 130 2592 288 2654; x_wconf 88' lang='lat' dir='ltr'>intervalla</span> <span class='ocrx_word' id='word_1_173' title='bbox 309 2600 412 2653; x_wconf 86' lang='lat' dir='ltr'>tenere</span> <span class='ocrx_word' id='word_1_174' title='bbox 435 2592 555 2652; x_wconf 84' lang='lat' dir='ltr'>exordia</span> <span class='ocrx_word' id='word_1_175' title='bbox 577 2595 659 2671; x_wconf 88' lang='lat' dir='ltr'>priva</span> <span class='ocrx_word' id='word_1_176' title='bbox 683 2594 797 2652; x_wconf 85' lang='lat' dir='ltr'>animai</span> 
     </span>
     <span class='ocr_line' id='line_1_29' title="bbox 131 2679 995 2760; baseline -0.005 -19"><span class='ocrx_word' id='word_1_177' title='bbox 131 2696 322 2760; x_wconf 89' lang='lat' dir='ltr'>namncquc</span> <span class='ocrx_word' id='word_1_178' title='bbox 344 2680 475 2759; x_wconf 89' lang='lat' dir='ltr'>pulveris</span> <span class='ocrx_word' id='word_1_179' title='bbox 497 2680 647 2740; x_wconf 89' lang='lat' dir='ltr'>interdum</span> <span class='ocrx_word' id='word_1_180' title='bbox 670 2682 813 2740; x_wconf 86' lang='lat' dir='ltr'>sentimus</span> <span class='ocrx_word' id='word_1_181' title='bbox 836 2679 995 2739; x_wconf 82' lang='lat' dir='ltr'>adhaesum</span> 
     </span>
     <span class='ocr_line' id='line_1_30' title="bbox 131 2767 939 2848; baseline -0.004 -19"><span class='ocrx_word' id='word_1_182' title='bbox 131 2787 258 2848; x_wconf 89' lang='lat' dir='ltr'>corpore</span> <span class='ocrx_word' id='word_1_183' title='bbox 281 2787 338 2829; x_wconf 92' lang='lat' dir='ltr'>nec</span> <span class='ocrx_word' id='word_1_184' title='bbox 360 2768 501 2829; x_wconf 91' lang='lat' dir='ltr'>membris</span> <span class='ocrx_word' id='word_1_185' title='bbox 523 2769 673 2828; x_wconf 85' lang='lat' dir='ltr'>incussam</span> <span class='ocrx_word' id='word_1_186' title='bbox 697 2767 793 2827; x_wconf 91' lang='lat' dir='ltr'>sidere</span> <span class='ocrx_word' id='word_1_187' title='bbox 817 2773 939 2846; x_wconf 89' lang='lat' dir='ltr'>cretam,</span> 
     </span>
     <span class='ocr_line' id='line_1_31' title="bbox 130 2851 876 2934; baseline -0.007 -17"><span class='ocrx_word' id='word_1_188' title='bbox 130 2875 189 2917; x_wconf 89' lang='lat' dir='ltr'>nec</span> <span class='ocrx_word' id='word_1_189' title='bbox 212 2855 351 2917; x_wconf 90' lang='lat' dir='ltr'>nebulam</span> <span class='ocrx_word' id='word_1_190' title='bbox 373 2863 464 2916; x_wconf 89' lang='lat' dir='ltr'>noctu</span> <span class='ocrx_word' id='word_1_191' title='bbox 485 2873 581 2934; x_wconf 88' lang='lat' dir='ltr'>neque</span> <span class='ocrx_word' id='word_1_192' title='bbox 604 2857 687 2916; x_wconf 89' lang='lat' dir='ltr'>arani</span> <span class='ocrx_word' id='word_1_193' title='bbox 708 2857 805 2915; x_wconf 89' lang='lat' dir='ltr'>tenvia</span> <span class='ocrx_word' id='word_1_194' title='bbox 828 2851 876 2912; x_wconf 87' lang='lat' dir='ltr'>iila</span> 
     </span>
     <span class='ocr_line' id='line_1_32' title="bbox 131 2942 865 3024; baseline -0.007 -19"><span class='ocrx_word' id='word_1_195' title='bbox 131 2945 219 3005; x_wconf 83' lang='lat' dir='ltr'>obvia</span> <span class='ocrx_word' id='word_1_196' title='bbox 243 2946 400 3024; x_wconf 87' lang='lat' dir='ltr'>sentimus,</span> <span class='ocrx_word' id='word_1_197' title='bbox 423 2942 540 3022; x_wconf 86' lang='lat' dir='ltr'>quando</span> <span class='ocrx_word' id='word_1_198' title='bbox 563 2942 726 3004; x_wconf 88' lang='lat' dir='ltr'>obretimur</span> <span class='ocrx_word' id='word_1_199' title='bbox 748 2949 865 3020; x_wconf 86' lang='lat' dir='ltr'>euntes,</span> 
     </span>
    </p>

    <p class='ocr_par' dir='ltr' id='par_1_10' title="bbox 60 3029 883 3111">
     <span class='ocr_line' id='line_1_33' title="bbox 60 3029 883 3111; baseline -0.01 -15"><span class='ocrx_word' id='word_1_200' title='bbox 60 3047 112 3098; x_wconf 82' lang='grc'>300</span> <span class='ocrx_word' id='word_1_201' title='bbox 131 3051 189 3093; x_wconf 88' lang='lat' dir='ltr'>nec</span> <span class='ocrx_word' id='word_1_202' title='bbox 213 3051 322 3111; x_wconf 89' lang='lat' dir='ltr'>supera</span> <span class='ocrx_word' id='word_1_203' title='bbox 345 3038 433 3110; x_wconf 91' lang='lat' dir='ltr'>caput</span> <span class='ocrx_word' id='word_1_204' title='bbox 455 3029 589 3091; x_wconf 88' lang='lat' dir='ltr'>eiusdem</span> <span class='ocrx_word' id='word_1_205' title='bbox 611 3030 754 3090; x_wconf 86' lang='lat' dir='ltr'>cecidisse</span> <span class='ocrx_word' id='word_1_206' title='bbox 777 3031 883 3089; x_wconf 88' lang='lat' dir='ltr'>vietam</span> 
     </span>
    </p>

    <p class='ocr_par' dir='ltr' id='par_1_11' title="bbox 79 3114 947 3464">
     <span class='ocr_line' id='line_1_34' title="bbox 79 3114 947 3200; baseline -0.008 -20"><span class='ocrx_word' id='word_1_207' title='bbox 79 3155 85 3164; x_wconf 88' lang='lat'>-</span> <span class='ocrx_word' id='word_1_208' title='bbox 130 3126 260 3200; x_wconf 82' lang='lat' dir='ltr'>restem,</span> <span class='ocrx_word' id='word_1_209' title='bbox 281 3138 339 3180; x_wconf 92' lang='lat' dir='ltr'>nec</span> <span class='ocrx_word' id='word_1_210' title='bbox 360 3118 475 3199; x_wconf 89' lang='lat' dir='ltr'>plumas</span> <span class='ocrx_word' id='word_1_211' title='bbox 498 3120 596 3178; x_wconf 88' lang='lat' dir='ltr'>avium</span> <span class='ocrx_word' id='word_1_212' title='bbox 617 3135 788 3196; x_wconf 90' lang='lat' dir='ltr'>papposque</span> <span class='ocrx_word' id='word_1_213' title='bbox 810 3114 947 3192; x_wconf 83' lang='lat' dir='ltr'>volantis,</span> 
     </span>
     <span class='ocr_line' id='line_1_35' title="bbox 132 3205 947 3287; baseline -0.009 -18"><span class='ocrx_word' id='word_1_214' title='bbox 132 3211 186 3287; x_wconf 86' lang='lat' dir='ltr'>qui</span> <span class='ocrx_word' id='word_1_215' title='bbox 209 3210 302 3269; x_wconf 92' lang='lat' dir='ltr'>nimia</span> <span class='ocrx_word' id='word_1_216' title='bbox 325 3206 444 3268; x_wconf 90' lang='lat' dir='ltr'>levitate</span> <span class='ocrx_word' id='word_1_217' title='bbox 467 3206 575 3266; x_wconf 87' lang='lat' dir='ltr'>cadunt</span> <span class='ocrx_word' id='word_1_218' title='bbox 595 3205 771 3284; x_wconf 89' lang='lat' dir='ltr'>plerumque</span> <span class='ocrx_word' id='word_1_219' title='bbox 793 3205 947 3283; x_wconf 80' lang='lat' dir='ltr'>gravatim,</span> 
     </span>
     <span class='ocr_line' id='line_1_36' title="bbox 130 3293 904 3375; baseline -0.008 -19"><span class='ocrx_word' id='word_1_220' title='bbox 130 3314 188 3356; x_wconf 91' lang='lat' dir='ltr'>nec</span> <span class='ocrx_word' id='word_1_221' title='bbox 210 3297 345 3375; x_wconf 89' lang='lat' dir='ltr'>repentis</span> <span class='ocrx_word' id='word_1_222' title='bbox 368 3297 443 3355; x_wconf 86' lang='lat' dir='ltr'>itum</span> <span class='ocrx_word' id='word_1_223' title='bbox 466 3295 724 3372; x_wconf 85' lang='lat' dir='ltr'>cuiusviscumque</span> <span class='ocrx_word' id='word_1_224' title='bbox 746 3293 904 3354; x_wconf 90' lang='lat' dir='ltr'>animantis</span> 
     </span>
     <span class='ocr_line' id='line_1_37' title="bbox 131 3381 923 3464; baseline -0.009 -20"><span class='ocrx_word' id='word_1_225' title='bbox 131 3385 292 3464; x_wconf 81' lang='lat' dir='ltr'>sentimus,</span> <span class='ocrx_word' id='word_1_226' title='bbox 315 3402 371 3444; x_wconf 89' lang='lat' dir='ltr'>nee</span> <span class='ocrx_word' id='word_1_227' title='bbox 392 3384 476 3461; x_wconf 88' lang='lat' dir='ltr'>priva</span> <span class='ocrx_word' id='word_1_228' title='bbox 499 3381 607 3460; x_wconf 89' lang='lat' dir='ltr'>pedum</span> <span class='ocrx_word' id='word_1_229' title='bbox 630 3383 753 3461; x_wconf 80' lang='lat' dir='ltr'>vestigia</span> <span class='ocrx_word' id='word_1_230' title='bbox 776 3395 923 3459; x_wconf 87' lang='lat' dir='ltr'>quaeque,</span> 
     </span>
    </p>
   </div>
   <div class='ocr_carea' id='block_1_3' title="bbox 60 3465 989 3552">
    <p class='ocr_par' dir='ltr' id='par_1_12' title="bbox 60 3465 989 3552">
     <span class='ocr_line' id='line_1_38' title="bbox 60 3465 989 3552; baseline -0.024 -13"><span class='ocrx_word' id='word_1_231' title='bbox 60 3489 112 3539; x_wconf 84' lang='grc'>300</span> <span class='ocrx_word' id='word_1_232' title='bbox 130 3489 258 3552; x_wconf 90' lang='lat' dir='ltr'>corpore</span> <span class='ocrx_word' id='word_1_233' title='bbox 282 3489 357 3550; x_wconf 86' lang='lat' dir='ltr'>quae</span> <span class='ocrx_word' id='word_1_234' title='bbox 380 3474 413 3531; x_wconf 93' lang='lat' dir='ltr'>in</span> <span class='ocrx_word' id='word_1_235' title='bbox 435 3476 537 3530; x_wconf 89' lang='lat' dir='ltr'>nostro</span> <span class='ocrx_word' id='word_1_236' title='bbox 561 3469 671 3530; x_wconf 88' lang='lat' dir='ltr'>culices</span> <span class='ocrx_word' id='word_1_237' title='bbox 695 3477 725 3531; x_wconf 90' lang='lat' dir='ltr'>et</span> <span class='ocrx_word' id='word_1_238' title='bbox 748 3476 845 3531; x_wconf 90' lang='lat' dir='ltr'>cetera</span> <span class='ocrx_word' id='word_1_239' title='bbox 867 3465 989 3545; x_wconf 90' lang='lat' dir='ltr'>ponunt.</span> 
     </span>
    </p>
   </div>
   <div class='ocr_carea' id='block_1_4' title="bbox 0 0 1252 3800">
    <p class='ocr_par' dir='ltr' id='par_1_13' title="bbox 0 0 1252 3800">
     <span class='ocr_line' id='line_1_39' title="bbox 0 0 1252 3800; baseline 0 0"><span class='ocrx_word' id='word_1_240' title='bbox 0 0 1252 3800; x_wconf 95' lang='lat' dir='ltr'> </span> 
     </span>
    </p>
   </div>
  </div>
 </body>
</html>
