2484 3800
566 168 593 221 11

142 323 225 376 tanto
249 333 339 394 opere
361 315 498 376 humanis
522 313 686 376 rationibus
709 314 895 376 admoderate

65 413 123 462 170
143 411 277 483 tempora
299 410 415 464 mutare
437 421 581 464 annorum
604 404 763 482 frugesque
787 421 888 463 creare

145 499 176 553 et
197 495 257 553 iam
279 499 391 572 cetera,
413 491 546 552 mortalis
568 510 643 569 quae
667 491 771 551 suadet
794 491 874 552 adire

146 582 269 659 ipsaque
292 579 411 640 deducit
433 580 492 640 dux
515 581 590 639 vitae
615 579 663 639 dia
685 579 818 658 voluptas

146 675 176 729 et
198 686 248 729 res
270 686 325 746 per
346 667 469 729 Veneris
492 667 643 727 blanditur
665 667 759 727 saeola
781 674 957 747 propagent,

145 775 183 817 ne
207 774 301 836 genus
323 756 437 816 oooidat
458 756 628 816 humanum.
665 773 791 835 quorum
814 758 911 816 omnia
934 773 1021 815 eausa

67 855 125 904 175
146 845 338 906 constituisse
361 844 432 903 deos
455 862 523 904 oum
545 844 672 924 fingunt,
695 842 823 905 omnibu'
845 842 935 903 rebus

145 950 252 1011 magno
276 950 365 1010 opere
389 950 405 992 a
428 950 496 992 vera
519 931 594 1010 lapsi
616 933 730 992 ratione
754 932 897 991 videntur.

145 1040 215 1082 nam
238 1022 371 1099 quamvis
394 1038 494 1081 rerum
517 1022 651 1098 ignorem
673 1018 835 1098 primordia
858 1037 931 1098 quae
956 1020 1027 1100 sint,
1090 1048 1093 1051 ·

113 1134 119 1143 ·
144 1110 202 1170 boe
225 1116 324 1168 tamen
347 1126 383 1168 ex
406 1110 480 1187 ipsis
503 1108 577 1167 eaeli
599 1105 764 1168 rationibus
787 1110 882 1168 ausim

146 1198 323 1259 confirmare
346 1196 470 1275 aliisque
494 1214 530 1256 ex
553 1194 643 1256 rebus
666 1196 790 1256 reddere
813 1195 927 1277 multis,

72 1295 127 1344 180
145 1302 335 1363 nequaquam
356 1283 443 1345 nobis
466 1284 606 1344 divinitus
630 1302 695 1344 esse
719 1291 847 1344 creatam

145 1380 284 1435 naturam
305 1372 422 1433 mundi:
444 1379 525 1432 tanta
548 1379 606 1432 stat
628 1372 760 1451 praedita
783 1371 876 1451 eulpa.

147 1480 223 1541 quae
245 1460 302 1521 tibi
323 1462 485 1540 posterius,
506 1460 638 1540 Memmi,
661 1461 803 1521 iaciemus
826 1466 939 1539 aperta:

145 1567 227 1610 nuno
249 1548 279 1609 id
303 1548 380 1627 quod
405 1555 541 1626 superest
563 1548 600 1608 de
622 1547 754 1609 motibus
778 1548 979 1627 expediemus.

193 1636 277 1697 Nunc
295 1636 379 1698 loeus
397 1643 451 1717 est,
469 1643 503 1696 ut
521 1638 634 1717 opinor,
652 1638 684 1696 in
702 1636 749 1696 bis
767 1636 840 1697 iliud
860 1654 976 1715 quoque
992 1636 1081 1697 rebus

76 1734 128 1784 185
149 1726 324 1786 confirmare
347 1724 415 1805 tibi,
439 1723 549 1784 nullam
571 1742 636 1784 rem
657 1742 745 1803 posse
768 1743 821 1785 sua
843 1727 872 1785 vi

149 1830 321 1893 corpoream
345 1830 463 1873 sursum
486 1813 559 1873 terri
581 1830 758 1891 sursumque
781 1831 888 1873 meare.

149 1920 188 1964 ne
210 1900 266 1963 tibi
288 1900 359 1962 dent
381 1903 412 1961 in
434 1920 470 1962 eo
493 1900 676 1962 flammarum
700 1919 823 1981 corpora
846 1900 992 1962 fraudem:

150 2008 255 2051 sursus
279 1991 358 2049 enim
380 2007 483 2049 versus
506 1992 667 2068 gignuntur
689 1997 719 2049 et
741 1992 876 2068 augmina
900 1996 1033 2070 sumunt,

149 2074 160 2163 Η
174 2085 204 2139 et
227 2095 345 2138 sursum
367 2077 477 2138 nitidae
501 2078 602 2155 fruges
625 2077 802 2156 arbustaque
826 2085 976 2157 creseunt,
993 2075 1003 2156 ΙΙ

77 2175 131 2225 190
150 2166 290 2247 pondera,
304 2173 446 2244 quantum
460 2167 491 2225 in
505 2172 574 2246 sest,
588 2183 656 2227 oum
671 2165 811 2225 deorsum
824 2173 928 2225 cuneta
941 2166 1082 2226 ferantur.

149 2273 207 2316 neo
229 2271 297 2314 eum
320 2253 480 2315 subsiliunt
501 2255 585 2333 ignes
609 2253 644 2314 ad
668 2260 745 2313 testa
768 2253 921 2313 domorum

151 2350 182 2405 et
204 2342 294 2403 celeri
316 2341 433 2402 flamma
455 2341 611 2420 degustant
632 2343 713 2420 tigna
736 2341 906 2420 trabesque,

152 2438 258 2511 sponte
281 2447 334 2490 sua
356 2429 452 2491 faeere
477 2429 508 2489 id
531 2432 595 2490 sine
618 2432 647 2488 vi
670 2428 815 2490 subeunte
837 2429 1035 2508 putandumst.

152 2518 231 2599 quod
253 2535 359 2597 genus,
382 2536 398 2578 e
421 2524 523 2578 nostro
545 2535 614 2578 eum
636 2519 745 2578 missus
768 2535 891 2596 corpore
915 2518 1033 2594 sanguis

76 2617 131 2667 aaa
152 2609 260 2669 emieat
281 2605 415 2666 exultans
437 2605 495 2666 alte
518 2609 688 2685 spargitque
711 2623 855 2666 eruorem.

150 2713 250 2756 nonne
273 2693 355 2754 vides
378 2695 467 2754 etiam
490 2701 598 2772 quanta
620 2696 649 2753 ri
671 2696 753 2772 tigna
775 2693 934 2771 trabesque

151 2788 273 2862 respuat
295 2800 380 2842 umor
402 2778 516 2860 aquae?
551 2799 620 2841 nam
644 2800 701 2860 quo
724 2783 817 2860 magis
840 2783 970 2841 ursimus
994 2781 1050 2842 alte

152 2871 273 2932 derecta
295 2877 324 2930 et
346 2887 451 2949 magna
473 2872 502 2929 vi
523 2869 610 2930 multi
631 2872 795 2948 pressimus
819 2887 918 2949 aegre,

150 2967 213 3020 tam
235 2958 341 3036 cupide
364 2976 483 3018 sursum
505 2960 631 3018 revomit
653 2960 746 3035 magis
770 2965 857 3036 atque
880 2959 1018 3037 remittit,

76 3058 134 3107 200
151 3048 220 3128 plus
241 3053 275 3108 ut
297 3053 381 3124 parte
404 3047 482 3106 foras
506 3052 658 3125 emergant
680 3045 867 3124 exibantque.

151 3154 207 3196 neo
229 3142 328 3194 tamen
350 3134 436 3214 haec,
460 3140 630 3213 quantumst
652 3135 683 3193 in
705 3151 750 3214 se,
773 3133 949 3213 dubitamus,
973 3135 1086 3214 opinor,

152 3226 225 3302 quin
247 3241 372 3282 vacuum
393 3240 448 3300 per
470 3225 557 3282 inane
581 3223 720 3282 deorsum
743 3229 848 3282 cuneta
871 3223 1010 3282 terantur.

151 3312 309 3389 sicigitur
332 3309 440 3371 debent
462 3310 596 3371 dammae
620 3328 737 3389 quoque
759 3329 848 3390 posse
871 3328 925 3388 per
948 3327 1033 3370 auras

150 3401 229 3461 aeris
252 3415 408 3478 expressae
432 3417 550 3459 sursum
573 3399 747 3481 succedere,
772 3417 948 3478 quamquam

74 3496 131 3550 206
149 3488 291 3570 pondera,
314 3495 456 3566 quantum
478 3489 509 3547 in
531 3495 601 3569 sest,
625 3488 765 3551 deorsum
782 3489 929 3550 deduoere
948 3492 1087 3566 pugnent.
