<?xml version="1.0" encoding="UTF-8"?>
<!DOCTYPE html PUBLIC "-//W3C//DTD XHTML 1.0 Transitional//EN"
    "http://www.w3.org/TR/xhtml1/DTD/xhtml1-transitional.dtd">
<html xmlns="http://www.w3.org/1999/xhtml" xml:lang="en" lang="en">
 <head>
  <title>
</title>
<meta http-equiv="Content-Type" content="text/html;charset=utf-8" />
  <meta name='ocr-system' content='tesseract 3.04.00' />
  <meta name='ocr-capabilities' content='ocr_page ocr_carea ocr_par ocr_line ocrx_word'/>
</head>
<body>
  <div class='ocr_page' id='page_1' title='image "./dererumnaturali00briegoog_0159.png"; bbox 0 0 2484 3800; ppageno 0'>
   <div class='ocr_carea' id='block_1_1' title="bbox 500 158 1094 223">
    <p class='ocr_par' dir='ltr' id='par_1_1' title="bbox 500 158 1094 223">
     <span class='ocr_line' id='line_1_1' title="bbox 500 158 1094 223; baseline 0.005 -3"><span class='ocrx_word' id='word_1_1' title='bbox 500 158 613 220; x_wconf 76' lang='grc' dir='ltr'><strong>,ΠΙ</strong></span> <span class='ocrx_word' id='word_1_2' title='bbox 1052 159 1094 223; x_wconf 85' lang='grc'><strong>69</strong></span> 
     </span>
    </p>
   </div>
   <div class='ocr_carea' id='block_1_2' title="bbox 79 302 1095 1352">
    <p class='ocr_par' dir='ltr' id='par_1_2' title="bbox 79 302 1095 1352">
     <span class='ocr_line' id='line_1_2' title="bbox 79 302 1030 386; baseline 0 -19"><span class='ocrx_word' id='word_1_3' title='bbox 79 319 137 367; x_wconf 81' lang='grc'><strong>135</strong></span> <span class='ocrx_word' id='word_1_4' title='bbox 159 303 306 382; x_wconf 89' lang='lat' dir='ltr'><strong>quidquid</strong></span> <span class='ocrx_word' id='word_1_5' title='bbox 329 302 365 365; x_wconf 78' lang='lat' dir='ltr'><strong>id</strong></span> <span class='ocrx_word' id='word_1_6' title='bbox 385 312 443 385; x_wconf 88' lang='lat' dir='ltr'><strong>est,</strong></span> <span class='ocrx_word' id='word_1_7' title='bbox 466 303 604 365; x_wconf 79' lang='lat' dir='ltr'><strong>habeant:</strong></span> <span class='ocrx_word' id='word_1_8' title='bbox 628 310 660 364; x_wconf 92' lang='lat' dir='ltr'><strong>tu</strong></span> <span class='ocrx_word' id='word_1_9' title='bbox 683 314 780 367; x_wconf 88' lang='lat' dir='ltr'><strong>cetera</strong></span> <span class='ocrx_word' id='word_1_10' title='bbox 803 310 922 386; x_wconf 82' lang='lat' dir='ltr'>percipe</span> <span class='ocrx_word' id='word_1_11' title='bbox 945 308 1030 367; x_wconf 91' lang='lat' dir='ltr'><strong>dicta.</strong></span> 
     </span>
     <span class='ocr_line' id='line_1_3' title="bbox 204 391 1095 471; baseline 0.004 -19"><span class='ocrx_word' id='word_1_12' title='bbox 204 391 291 452; x_wconf 90' lang='lat' dir='ltr'><strong>Nunc</strong></span> <span class='ocrx_word' id='word_1_13' title='bbox 318 394 448 453; x_wconf 91' lang='lat' dir='ltr'><strong>animum</strong></span> <span class='ocrx_word' id='word_1_14' title='bbox 471 400 558 471; x_wconf 86' lang='lat' dir='ltr'><strong>atque</strong></span> <span class='ocrx_word' id='word_1_15' title='bbox 581 395 709 453; x_wconf 90' lang='lat' dir='ltr'><strong>animam</strong></span> <span class='ocrx_word' id='word_1_16' title='bbox 732 394 798 454; x_wconf 86' lang='lat' dir='ltr'><strong>dico</strong></span> <span class='ocrx_word' id='word_1_17' title='bbox 821 398 976 455; x_wconf 92' lang='lat' dir='ltr'><strong>coniuncta</strong></span> <span class='ocrx_word' id='word_1_18' title='bbox 999 397 1095 455; x_wconf 88' lang='lat' dir='ltr'><strong>teneri</strong></span> 
     </span>
     <span class='ocr_line' id='line_1_4' title="bbox 159 482 971 565; baseline 0.005 -25"><span class='ocrx_word' id='word_1_19' title='bbox 159 482 241 540; x_wconf 84' lang='lat' dir='ltr'><strong>inter</strong></span> <span class='ocrx_word' id='word_1_20' title='bbox 264 499 296 541; x_wconf 89' lang='lat' dir='ltr'><strong>se</strong></span> <span class='ocrx_word' id='word_1_21' title='bbox 320 486 407 558; x_wconf 90' lang='lat' dir='ltr'><strong>atquc</strong></span> <span class='ocrx_word' id='word_1_22' title='bbox 429 498 519 541; x_wconf 91' lang='lat' dir='ltr'><strong>unam</strong></span> <span class='ocrx_word' id='word_1_23' title='bbox 540 487 676 541; x_wconf 89' lang='lat' dir='ltr'><strong>naturam</strong></span> <span class='ocrx_word' id='word_1_24' title='bbox 699 483 843 542; x_wconf 87' lang='lat' dir='ltr'><strong>conficere</strong></span> <span class='ocrx_word' id='word_1_25' title='bbox 867 502 903 543; x_wconf 83' lang='lat' dir='ltr'><strong>ex</strong></span> <span class='ocrx_word' id='word_1_26' title='bbox 926 502 971 565; x_wconf 91' lang='lat' dir='ltr'><strong>se,</strong></span> 
     </span>
     <span class='ocr_line' id='line_1_5' title="bbox 160 568 1026 649; baseline 0.002 -21"><span class='ocrx_word' id='word_1_27' title='bbox 160 568 214 629; x_wconf 93' lang='lat' dir='ltr'><strong>sed</strong></span> <span class='ocrx_word' id='word_1_28' title='bbox 236 575 325 647; x_wconf 91' lang='lat' dir='ltr'><strong>caput</strong></span> <span class='ocrx_word' id='word_1_29' title='bbox 347 586 413 629; x_wconf 87' lang='lat' dir='ltr'><strong>esse</strong></span> <span class='ocrx_word' id='word_1_30' title='bbox 437 570 522 647; x_wconf 86' lang='lat' dir='ltr'><strong>quasi</strong></span> <span class='ocrx_word' id='word_1_31' title='bbox 545 575 575 628; x_wconf 90' lang='lat' dir='ltr'><strong>et</strong></span> <span class='ocrx_word' id='word_1_32' title='bbox 597 568 742 630; x_wconf 91' lang='lat' dir='ltr'><strong>dominari</strong></span> <span class='ocrx_word' id='word_1_33' title='bbox 764 572 796 630; x_wconf 93' lang='lat' dir='ltr'><strong>in</strong></span> <span class='ocrx_word' id='word_1_34' title='bbox 819 588 943 649; x_wconf 92' lang='lat' dir='ltr'><strong>corpore</strong></span> <span class='ocrx_word' id='word_1_35' title='bbox 964 579 1026 631; x_wconf 89' lang='lat' dir='ltr'><strong>toto</strong></span> 
     </span>
     <span class='ocr_line' id='line_1_6' title="bbox 161 655 1041 738; baseline 0.003 -22"><span class='ocrx_word' id='word_1_36' title='bbox 161 655 332 738; x_wconf 86' lang='lat' dir='ltr'><strong>consilium,</strong></span> <span class='ocrx_word' id='word_1_37' title='bbox 353 655 434 735; x_wconf 90' lang='lat' dir='ltr'><strong>quod</strong></span> <span class='ocrx_word' id='word_1_38' title='bbox 456 674 511 716; x_wconf 92' lang='lat' dir='ltr'><strong>nos</strong></span> <span class='ocrx_word' id='word_1_39' title='bbox 534 658 664 716; x_wconf 91' lang='lat' dir='ltr'><strong>animum</strong></span> <span class='ocrx_word' id='word_1_40' title='bbox 686 665 873 736; x_wconf 84' lang='lat' dir='ltr'><strong>mentemque</strong></span> <span class='ocrx_word' id='word_1_41' title='bbox 896 678 1041 719; x_wconf 91' lang='lat' dir='ltr'><strong>vocamus.</strong></span> 
     </span>
     <span class='ocr_line' id='line_1_7' title="bbox 82 743 964 824; baseline -0.002 -15"><span class='ocrx_word' id='word_1_42' title='bbox 82 759 141 809; x_wconf 84' lang='lat'><strong>140</strong></span> <span class='ocrx_word' id='word_1_43' title='bbox 160 744 252 822; x_wconf 88' lang='lat' dir='ltr'><strong>idque</strong></span> <span class='ocrx_word' id='word_1_44' title='bbox 275 747 365 806; x_wconf 89' lang='lat' dir='ltr'><strong>situm</strong></span> <span class='ocrx_word' id='word_1_45' title='bbox 387 743 484 804; x_wconf 92' lang='lat' dir='ltr'><strong>media</strong></span> <span class='ocrx_word' id='word_1_46' title='bbox 507 747 628 823; x_wconf 86' lang='lat' dir='ltr'><strong>regione</strong></span> <span class='ocrx_word' id='word_1_47' title='bbox 650 747 682 804; x_wconf 92' lang='lat' dir='ltr'><strong>in</strong></span> <span class='ocrx_word' id='word_1_48' title='bbox 704 748 833 824; x_wconf 87' lang='lat' dir='ltr'><strong>pectoris</strong></span> <span class='ocrx_word' id='word_1_49' title='bbox 855 746 964 807; x_wconf 82' lang='lat' dir='ltr'><strong>haeret.</strong></span> 
     </span>
     <span class='ocr_line' id='line_1_8' title="bbox 159 832 1062 913; baseline 0.002 -20"><span class='ocrx_word' id='word_1_50' title='bbox 159 832 210 893; x_wconf 89' lang='lat' dir='ltr'><strong>hic</strong></span> <span class='ocrx_word' id='word_1_51' title='bbox 233 834 345 894; x_wconf 84' lang='lat' dir='ltr'><strong>exultat</strong></span> <span class='ocrx_word' id='word_1_52' title='bbox 366 834 447 891; x_wconf 92' lang='lat' dir='ltr'><strong>enim</strong></span> <span class='ocrx_word' id='word_1_53' title='bbox 469 850 560 911; x_wconf 85' lang='lat' dir='ltr'><strong>paror</strong></span> <span class='ocrx_word' id='word_1_54' title='bbox 582 851 616 892; x_wconf 93' lang='lat' dir='ltr'><strong>ac</strong></span> <span class='ocrx_word' id='word_1_55' title='bbox 637 839 748 913; x_wconf 87' lang='lat' dir='ltr'><strong>metus,</strong></span> <span class='ocrx_word' id='word_1_56' title='bbox 769 833 842 893; x_wconf 92' lang='lat' dir='ltr'><strong>haec</strong></span> <span class='ocrx_word' id='word_1_57' title='bbox 865 832 928 893; x_wconf 93' lang='lat' dir='ltr'><strong>loca</strong></span> <span class='ocrx_word' id='word_1_58' title='bbox 950 837 1062 895; x_wconf 91' lang='lat' dir='ltr'><strong>circum</strong></span> 
     </span>
     <span class='ocr_line' id='line_1_9' title="bbox 159 920 961 1000; baseline 0.004 -21"><span class='ocrx_word' id='word_1_59' title='bbox 159 920 291 981; x_wconf 85' lang='lat' dir='ltr'><strong>laetitiae</strong></span> <span class='ocrx_word' id='word_1_60' title='bbox 314 921 456 983; x_wconf 84' lang='lat' dir='ltr'><strong>mulcent:</strong></span> <span class='ocrx_word' id='word_1_61' title='bbox 479 920 529 979; x_wconf 90' lang='lat' dir='ltr'><strong>hic</strong></span> <span class='ocrx_word' id='word_1_62' title='bbox 551 937 621 997; x_wconf 85' lang='lat' dir='ltr'><strong>ergo</strong></span> <span class='ocrx_word' id='word_1_63' title='bbox 645 937 728 980; x_wconf 92' lang='lat' dir='ltr'><strong>mens</strong></span> <span class='ocrx_word' id='word_1_64' title='bbox 751 923 961 1000; x_wconf 87' lang='lat' dir='ltr'><strong>animusquest.</strong></span> 
     </span>
     <span class='ocr_line' id='line_1_10' title="bbox 161 1007 938 1088; baseline -0.001 -18"><span class='ocrx_word' id='word_1_65' title='bbox 161 1016 261 1070; x_wconf 86' lang='lat' dir='ltr'><strong>cetera</strong></span> <span class='ocrx_word' id='word_1_66' title='bbox 283 1028 353 1088; x_wconf 83' lang='lat' dir='ltr'><strong>pars</strong></span> <span class='ocrx_word' id='word_1_67' title='bbox 376 1009 490 1069; x_wconf 84' lang='lat' dir='ltr'><strong>animae</strong></span> <span class='ocrx_word' id='word_1_68' title='bbox 511 1026 567 1086; x_wconf 91' lang='lat' dir='ltr'><strong>per</strong></span> <span class='ocrx_word' id='word_1_69' title='bbox 588 1014 682 1067; x_wconf 87' lang='lat' dir='ltr'><strong>totum</strong></span> <span class='ocrx_word' id='word_1_70' title='bbox 705 1007 809 1069; x_wconf 89' lang='lat' dir='ltr'><strong>dissita</strong></span> <span class='ocrx_word' id='word_1_71' title='bbox 831 1027 938 1088; x_wconf 89' lang='lat' dir='ltr'><strong>corpus</strong></span> 
     </span>
     <span class='ocr_line' id='line_1_11' title="bbox 160 1097 984 1175; baseline 0.004 -19"><span class='ocrx_word' id='word_1_72' title='bbox 160 1106 248 1175; x_wconf 90' lang='lat' dir='ltr'><strong>paret</strong></span> <span class='ocrx_word' id='word_1_73' title='bbox 269 1105 300 1158; x_wconf 90' lang='lat' dir='ltr'><strong>et</strong></span> <span class='ocrx_word' id='word_1_74' title='bbox 322 1097 358 1158; x_wconf 93' lang='lat' dir='ltr'><strong>ad</strong></span> <span class='ocrx_word' id='word_1_75' title='bbox 380 1113 491 1157; x_wconf 91' lang='lat' dir='ltr'><strong>numen</strong></span> <span class='ocrx_word' id='word_1_76' title='bbox 513 1098 621 1155; x_wconf 88' lang='lat' dir='ltr'><strong>mentis</strong></span> <span class='ocrx_word' id='word_1_77' title='bbox 643 1113 820 1175; x_wconf 85' lang='lat' dir='ltr'><strong>momenque</strong></span> <span class='ocrx_word' id='word_1_78' title='bbox 843 1105 984 1159; x_wconf 88' lang='lat' dir='ltr'><strong>movetur.</strong></span> 
     </span>
     <span class='ocr_line' id='line_1_12' title="bbox 85 1182 974 1266; baseline -0.004 -17"><span class='ocrx_word' id='word_1_79' title='bbox 85 1201 141 1250; x_wconf 84' lang='grc'><strong>145</strong></span> <span class='ocrx_word' id='word_1_80' title='bbox 161 1184 252 1263; x_wconf 90' lang='lat' dir='ltr'><strong>idque</strong></span> <span class='ocrx_word' id='word_1_81' title='bbox 276 1185 334 1245; x_wconf 87' lang='lat' dir='ltr'><strong>sibi</strong></span> <span class='ocrx_word' id='word_1_82' title='bbox 357 1185 452 1247; x_wconf 90' lang='lat' dir='ltr'><strong>solum</strong></span> <span class='ocrx_word' id='word_1_83' title='bbox 474 1200 529 1262; x_wconf 92' lang='lat' dir='ltr'><strong>per</strong></span> <span class='ocrx_word' id='word_1_84' title='bbox 551 1202 583 1243; x_wconf 89' lang='lat' dir='ltr'><strong>se</strong></span> <span class='ocrx_word' id='word_1_85' title='bbox 607 1186 695 1262; x_wconf 90' lang='lat' dir='ltr'><strong>sapit:</strong></span> <span class='ocrx_word' id='word_1_86' title='bbox 716 1182 754 1245; x_wconf 73' lang='lat' dir='ltr'><strong>id</strong></span> <span class='ocrx_word' id='word_1_87' title='bbox 774 1183 833 1245; x_wconf 93' lang='lat' dir='ltr'><strong>sibi</strong></span> <span class='ocrx_word' id='word_1_88' title='bbox 855 1185 974 1266; x_wconf 80' lang='lat' dir='ltr'><strong>gaudet,</strong></span> 
     </span>
     <span class='ocr_line' id='line_1_13' title="bbox 161 1274 1095 1352; baseline 0.001 -19"><span class='ocrx_word' id='word_1_89' title='bbox 161 1292 231 1333; x_wconf 90' lang='lat' dir='ltr'><strong>cum</strong></span> <span class='ocrx_word' id='word_1_90' title='bbox 253 1292 350 1352; x_wconf 88' lang='lat' dir='ltr'><strong>neque</strong></span> <span class='ocrx_word' id='word_1_91' title='bbox 373 1292 423 1333; x_wconf 88' lang='lat' dir='ltr'><strong>res</strong></span> <span class='ocrx_word' id='word_1_92' title='bbox 445 1274 572 1331; x_wconf 90' lang='lat' dir='ltr'><strong>animam</strong></span> <span class='ocrx_word' id='word_1_93' title='bbox 593 1288 691 1350; x_wconf 90' lang='lat' dir='ltr'><strong>neque</strong></span> <span class='ocrx_word' id='word_1_94' title='bbox 714 1290 821 1351; x_wconf 92' lang='lat' dir='ltr'><strong>corpus</strong></span> <span class='ocrx_word' id='word_1_95' title='bbox 844 1280 1008 1334; x_wconf 88' lang='lat' dir='ltr'><strong>commovet</strong></span> <span class='ocrx_word' id='word_1_96' title='bbox 1029 1292 1095 1335; x_wconf 88' lang='lat' dir='ltr'><strong>una.</strong></span> 
     </span>
    </p>
   </div>
   <div class='ocr_carea' id='block_1_3' title="bbox 86 1358 1066 1882">
    <p class='ocr_par' dir='ltr' id='par_1_3' title="bbox 161 1358 1021 1619">
     <span class='ocr_line' id='line_1_14' title="bbox 162 1358 1021 1442; baseline 0.001 -21"><span class='ocrx_word' id='word_1_97' title='bbox 162 1369 193 1421; x_wconf 90' lang='lat' dir='ltr'><strong>ct</strong></span> <span class='ocrx_word' id='word_1_98' title='bbox 216 1364 314 1442; x_wconf 84' lang='lat' dir='ltr'><strong>quasi,</strong></span> <span class='ocrx_word' id='word_1_99' title='bbox 337 1380 405 1422; x_wconf 92' lang='lat' dir='ltr'><strong>cum</strong></span> <span class='ocrx_word' id='word_1_100' title='bbox 428 1367 516 1438; x_wconf 88' lang='lat' dir='ltr'><strong>caput</strong></span> <span class='ocrx_word' id='word_1_101' title='bbox 537 1366 588 1419; x_wconf 90' lang='lat' dir='ltr'><strong>aut</strong></span> <span class='ocrx_word' id='word_1_102' title='bbox 610 1358 713 1420; x_wconf 90' lang='lat' dir='ltr'><strong>oculus</strong></span> <span class='ocrx_word' id='word_1_103' title='bbox 735 1367 897 1440; x_wconf 87' lang='lat' dir='ltr'><strong>temptante</strong></span> <span class='ocrx_word' id='word_1_104' title='bbox 921 1361 1021 1422; x_wconf 92' lang='lat' dir='ltr'><strong>dolore</strong></span> 
     </span>
     <span class='ocr_line' id='line_1_15' title="bbox 161 1449 898 1529; baseline 0 -20"><span class='ocrx_word' id='word_1_105' title='bbox 161 1449 290 1509; x_wconf 86' lang='lat' dir='ltr'><strong>laeditur</strong></span> <span class='ocrx_word' id='word_1_106' title='bbox 312 1452 344 1509; x_wconf 95' lang='lat' dir='ltr'><strong>in</strong></span> <span class='ocrx_word' id='word_1_107' title='bbox 366 1449 466 1529; x_wconf 84' lang='lat' dir='ltr'><strong>nobis,</strong></span> <span class='ocrx_word' id='word_1_108' title='bbox 488 1466 548 1508; x_wconf 88' lang='lat' dir='ltr'><strong>uon</strong></span> <span class='ocrx_word' id='word_1_109' title='bbox 570 1450 652 1507; x_wconf 94' lang='lat' dir='ltr'><strong>omni</strong></span> <span class='ocrx_word' id='word_1_110' title='bbox 674 1451 898 1509; x_wconf 83' lang='lat' dir='ltr'><strong>concruciamur</strong></span> 
     </span>
     <span class='ocr_line' id='line_1_16' title="bbox 162 1535 985 1619; baseline 0.001 -22"><span class='ocrx_word' id='word_1_111' title='bbox 162 1555 302 1619; x_wconf 81' lang='lat' dir='ltr'><strong>corpore,</strong></span> <span class='ocrx_word' id='word_1_112' title='bbox 324 1540 369 1598; x_wconf 91' lang='lat' dir='ltr'><strong>sic</strong></span> <span class='ocrx_word' id='word_1_113' title='bbox 391 1540 509 1597; x_wconf 82' lang='lat' dir='ltr'><strong>animus</strong></span> <span class='ocrx_word' id='word_1_114' title='bbox 528 1552 750 1614; x_wconf 92' lang='lat' dir='ltr'><strong>nonnumquam</strong></span> <span class='ocrx_word' id='word_1_115' title='bbox 772 1535 898 1597; x_wconf 86' lang='lat' dir='ltr'><strong>laeditur</strong></span> <span class='ocrx_word' id='word_1_116' title='bbox 920 1540 985 1617; x_wconf 90' lang='lat' dir='ltr'><strong>ipse</strong></span> 
     </span>
    </p>

    <p class='ocr_par' dir='ltr' id='par_1_4' title="bbox 86 1626 1066 1882">
     <span class='ocr_line' id='line_1_17' title="bbox 86 1626 882 1704; baseline -0.006 -14"><span class='ocrx_word' id='word_1_117' title='bbox 86 1642 142 1692; x_wconf 86' lang='grc'><strong>150</strong></span> <span class='ocrx_word' id='word_1_118' title='bbox 161 1626 333 1703; x_wconf 87' lang='lat' dir='ltr'><strong>laetitiaque</strong></span> <span class='ocrx_word' id='word_1_119' title='bbox 358 1628 448 1704; x_wconf 82' lang='lat' dir='ltr'><strong>viget,</strong></span> <span class='ocrx_word' id='word_1_120' title='bbox 472 1642 540 1683; x_wconf 92' lang='lat' dir='ltr'><strong>cum</strong></span> <span class='ocrx_word' id='word_1_121' title='bbox 562 1630 660 1683; x_wconf 90' lang='lat' dir='ltr'><strong>cetera</strong></span> <span class='ocrx_word' id='word_1_122' title='bbox 682 1642 751 1703; x_wconf 90' lang='lat' dir='ltr'><strong>pars</strong></span> <span class='ocrx_word' id='word_1_123' title='bbox 774 1628 882 1685; x_wconf 91' lang='lat' dir='ltr'><strong>animai</strong></span> 
     </span>
     <span class='ocr_line' id='line_1_18' title="bbox 161 1711 970 1793; baseline 0.001 -20"><span class='ocrx_word' id='word_1_124' title='bbox 161 1732 218 1793; x_wconf 93' lang='lat' dir='ltr'><strong>per</strong></span> <span class='ocrx_word' id='word_1_125' title='bbox 240 1713 373 1773; x_wconf 87' lang='lat' dir='ltr'><strong>membra</strong></span> <span class='ocrx_word' id='word_1_126' title='bbox 396 1721 483 1791; x_wconf 86' lang='lat' dir='ltr'><strong>atquc</strong></span> <span class='ocrx_word' id='word_1_127' title='bbox 506 1717 587 1771; x_wconf 89' lang='lat' dir='ltr'><strong>artus</strong></span> <span class='ocrx_word' id='word_1_128' title='bbox 609 1711 690 1771; x_wconf 91' lang='lat' dir='ltr'><strong>nulla</strong></span> <span class='ocrx_word' id='word_1_129' title='bbox 711 1715 839 1773; x_wconf 89' lang='lat' dir='ltr'><strong>novitate</strong></span> <span class='ocrx_word' id='word_1_130' title='bbox 863 1716 970 1774; x_wconf 86' lang='lat' dir='ltr'><strong>cictru:</strong></span> 
     </span>
     <span class='ocr_line' id='line_1_19' title="bbox 161 1800 1066 1882; baseline 0 -21"><span class='ocrx_word' id='word_1_131' title='bbox 161 1818 267 1861; x_wconf 82' lang='lat' dir='ltr'><strong>verum</strong></span> <span class='ocrx_word' id='word_1_132' title='bbox 290 1800 343 1861; x_wconf 89' lang='lat' dir='ltr'><strong>ubi</strong></span> <span class='ocrx_word' id='word_1_133' title='bbox 364 1800 494 1861; x_wconf 84' lang='lat' dir='ltr'><strong>vomenti</strong></span> <span class='ocrx_word' id='word_1_134' title='bbox 516 1800 609 1876; x_wconf 90' lang='lat' dir='ltr'><strong>magis</strong></span> <span class='ocrx_word' id='word_1_135' title='bbox 632 1806 677 1859; x_wconf 87' lang='lat' dir='ltr'><strong>est</strong></span> <span class='ocrx_word' id='word_1_136' title='bbox 700 1808 844 1861; x_wconf 89' lang='lat' dir='ltr'><strong>commota</strong></span> <span class='ocrx_word' id='word_1_137' title='bbox 866 1808 947 1863; x_wconf 87' lang='lat' dir='ltr'><strong>metu</strong></span> <span class='ocrx_word' id='word_1_138' title='bbox 969 1820 1066 1882; x_wconf 81' lang='lat' dir='ltr'><strong>mens,</strong></span> 
     </span>
    </p>
   </div>
   <div class='ocr_carea' id='block_1_4' title="bbox 84 1888 1099 3547">
    <p class='ocr_par' dir='ltr' id='par_1_5' title="bbox 86 1888 1099 2583">
     <span class='ocr_line' id='line_1_20' title="bbox 163 1888 992 1972; baseline 0.001 -22"><span class='ocrx_word' id='word_1_139' title='bbox 163 1891 333 1951; x_wconf 87' lang='lat' dir='ltr'><strong>consentire</strong></span> <span class='ocrx_word' id='word_1_140' title='bbox 356 1891 483 1950; x_wconf 91' lang='lat' dir='ltr'><strong>animam</strong></span> <span class='ocrx_word' id='word_1_141' title='bbox 504 1892 596 1947; x_wconf 91' lang='lat' dir='ltr'><strong>totam</strong></span> <span class='ocrx_word' id='word_1_142' title='bbox 617 1905 672 1966; x_wconf 88' lang='lat' dir='ltr'><strong>per</strong></span> <span class='ocrx_word' id='word_1_143' title='bbox 693 1888 825 1950; x_wconf 88' lang='lat' dir='ltr'><strong>membra</strong></span> <span class='ocrx_word' id='word_1_144' title='bbox 846 1889 992 1972; x_wconf 77' lang='lat' dir='ltr'><strong>ridemuS,</strong></span> 
     </span>
     <span class='ocr_line' id='line_1_21' title="bbox 163 1974 871 2056; baseline -0.004 -18"><span class='ocrx_word' id='word_1_145' title='bbox 163 1977 350 2056; x_wconf 88' lang='lat' dir='ltr'><strong>sudoresque</strong></span> <span class='ocrx_word' id='word_1_146' title='bbox 372 1979 414 2037; x_wconf 91' lang='lat' dir='ltr'><strong>ita</strong></span> <span class='ocrx_word' id='word_1_147' title='bbox 436 1974 636 2056; x_wconf 90' lang='lat' dir='ltr'><strong>palloremque</strong></span> <span class='ocrx_word' id='word_1_148' title='bbox 659 1978 787 2036; x_wconf 83' lang='lat' dir='ltr'><strong>existere</strong></span> <span class='ocrx_word' id='word_1_149' title='bbox 810 1983 871 2037; x_wconf 90' lang='lat' dir='ltr'><strong>toto</strong></span> 
     </span>
     <span class='ocr_line' id='line_1_22' title="bbox 86 2062 966 2145; baseline -0.008 -14"><span class='ocrx_word' id='word_1_150' title='bbox 86 2083 143 2133; x_wconf 90' lang='grc'><strong>155</strong></span> <span class='ocrx_word' id='word_1_151' title='bbox 163 2083 290 2144; x_wconf 89' lang='lat' dir='ltr'><strong>corpore</strong></span> <span class='ocrx_word' id='word_1_152' title='bbox 312 2072 344 2124; x_wconf 87' lang='grc'><strong>11</strong></span> <span class='ocrx_word' id='word_1_153' title='bbox 365 2065 487 2140; x_wconf 84' lang='lat' dir='ltr'><strong>infringi</strong></span> <span class='ocrx_word' id='word_1_154' title='bbox 508 2062 638 2141; x_wconf 89' lang='lat' dir='ltr'><strong>linguam</strong></span> <span class='ocrx_word' id='word_1_155' title='bbox 660 2081 820 2142; x_wconf 87' lang='lat' dir='ltr'><strong>vocemque</strong></span> <span class='ocrx_word' id='word_1_156' title='bbox 842 2063 966 2145; x_wconf 86' lang='lat' dir='ltr'><strong>aboriri,</strong></span> 
     </span>
     <span class='ocr_line' id='line_1_23' title="bbox 163 2151 967 2233; baseline -0.002 -20"><span class='ocrx_word' id='word_1_157' title='bbox 163 2152 292 2231; x_wconf 85' lang='lat' dir='ltr'><strong>caligare</strong></span> <span class='ocrx_word' id='word_1_158' title='bbox 315 2151 430 2232; x_wconf 85' lang='lat' dir='ltr'><strong>oculos,</strong></span> <span class='ocrx_word' id='word_1_159' title='bbox 453 2168 559 2212; x_wconf 86' lang='lat' dir='ltr'><strong>sonere</strong></span> <span class='ocrx_word' id='word_1_160' title='bbox 581 2152 675 2232; x_wconf 84' lang='lat' dir='ltr'><strong>auris,</strong></span> <span class='ocrx_word' id='word_1_161' title='bbox 698 2151 850 2211; x_wconf 89' lang='lat' dir='ltr'><strong>succidere</strong></span> <span class='ocrx_word' id='word_1_162' title='bbox 873 2158 967 2233; x_wconf 84' lang='lat' dir='ltr'><strong>artus,</strong></span> 
     </span>
     <span class='ocr_line' id='line_1_24' title="bbox 162 2238 941 2319; baseline -0.003 -18"><span class='ocrx_word' id='word_1_163' title='bbox 162 2241 294 2319; x_wconf 90' lang='lat' dir='ltr'><strong>denique</strong></span> <span class='ocrx_word' id='word_1_164' title='bbox 317 2239 474 2300; x_wconf 87' lang='lat' dir='ltr'><strong>concidere</strong></span> <span class='ocrx_word' id='word_1_165' title='bbox 497 2256 533 2298; x_wconf 83' lang='lat' dir='ltr'><strong>ex</strong></span> <span class='ocrx_word' id='word_1_166' title='bbox 559 2240 650 2298; x_wconf 90' lang='lat' dir='ltr'><strong>animi</strong></span> <span class='ocrx_word' id='word_1_167' title='bbox 670 2245 785 2298; x_wconf 87' lang='lat' dir='ltr'><strong>terrore</strong></span> <span class='ocrx_word' id='word_1_168' title='bbox 807 2238 941 2299; x_wconf 88' lang='lat' dir='ltr'><strong>videmus</strong></span> 
     </span>
     <span class='ocr_line' id='line_1_25' title="bbox 162 2325 1060 2408; baseline -0.003 -19"><span class='ocrx_word' id='word_1_169' title='bbox 162 2347 253 2407; x_wconf 86' lang='lat' dir='ltr'><strong>saepe</strong></span> <span class='ocrx_word' id='word_1_170' title='bbox 275 2327 425 2408; x_wconf 78' lang='lat' dir='ltr'><strong>homines3</strong></span> <span class='ocrx_word' id='word_1_171' title='bbox 446 2325 531 2387; x_wconf 82' lang='lat' dir='ltr'><strong>facile</strong></span> <span class='ocrx_word' id='word_1_172' title='bbox 553 2332 587 2386; x_wconf 87' lang='lat' dir='ltr'><strong>ut</strong></span> <span class='ocrx_word' id='word_1_173' title='bbox 609 2327 705 2404; x_wconf 89' lang='lat' dir='ltr'><strong>quivis</strong></span> <span class='ocrx_word' id='word_1_174' title='bbox 727 2326 797 2386; x_wconf 92' lang='lat' dir='ltr'><strong>hinc</strong></span> <span class='ocrx_word' id='word_1_175' title='bbox 818 2343 943 2386; x_wconf 91' lang='lat' dir='ltr'><strong>noscere</strong></span> <span class='ocrx_word' id='word_1_176' title='bbox 965 2328 1060 2404; x_wconf 83' lang='lat' dir='ltr'><strong>possit</strong></span> 
     </span>
     <span class='ocr_line' id='line_1_26' title="bbox 163 2411 1099 2495; baseline -0.003 -19"><span class='ocrx_word' id='word_1_177' title='bbox 163 2435 230 2476; x_wconf 85' lang='lat' dir='ltr'><strong>esse</strong></span> <span class='ocrx_word' id='word_1_178' title='bbox 244 2417 373 2475; x_wconf 90' lang='lat' dir='ltr'><strong>animam</strong></span> <span class='ocrx_word' id='word_1_179' title='bbox 387 2433 455 2475; x_wconf 88' lang='lat' dir='ltr'><strong>cum</strong></span> <span class='ocrx_word' id='word_1_180' title='bbox 467 2415 566 2474; x_wconf 93' lang='lat' dir='ltr'><strong>animo</strong></span> <span class='ocrx_word' id='word_1_181' title='bbox 581 2415 775 2495; x_wconf 86' lang='lat' dir='ltr'><strong>coniunctam,</strong></span> <span class='ocrx_word' id='word_1_182' title='bbox 794 2431 868 2492; x_wconf 90' lang='lat' dir='ltr'><strong>quae</strong></span> <span class='ocrx_word' id='word_1_183' title='bbox 883 2431 950 2473; x_wconf 91' lang='lat' dir='ltr'><strong>cum</strong></span> <span class='ocrx_word' id='word_1_184' title='bbox 964 2415 1054 2473; x_wconf 93' lang='lat' dir='ltr'><strong>animi</strong></span> <span class='ocrx_word' id='word_1_185' title='bbox 1067 2411 1099 2474; x_wconf 81' lang='lat' dir='ltr'><strong>oi</strong></span> 
     </span>
     <span class='ocr_line' id='line_1_27' title="bbox 87 2500 874 2583; baseline -0.01 -14"><span class='ocrx_word' id='word_1_186' title='bbox 87 2521 143 2571; x_wconf 76' lang='lat'><strong>160</strong></span> <span class='ocrx_word' id='word_1_187' title='bbox 162 2510 349 2583; x_wconf 66' lang='lat' dir='ltr'><strong>percussam,</strong></span> <span class='ocrx_word' id='word_1_188' title='bbox 372 2505 450 2563; x_wconf 83' lang='lat' dir='ltr'><strong>exim</strong></span> <span class='ocrx_word' id='word_1_189' title='bbox 473 2518 580 2579; x_wconf 85' lang='lat' dir='ltr'><strong>corpus</strong></span> <span class='ocrx_word' id='word_1_190' title='bbox 603 2500 741 2579; x_wconf 87' lang='lat' dir='ltr'><strong>propellit</strong></span> <span class='ocrx_word' id='word_1_191' title='bbox 763 2508 793 2562; x_wconf 98' lang='grc'><strong>11</strong></span> <span class='ocrx_word' id='word_1_192' title='bbox 814 2503 874 2561; x_wconf 89' lang='lat' dir='ltr'><strong>icit.</strong></span> 
     </span>
    </p>

    <p class='ocr_par' dir='ltr' id='par_1_6' title="bbox 160 2590 1081 2934">
     <span class='ocr_line' id='line_1_28' title="bbox 207 2590 1025 2667; baseline -0.004 -16"><span class='ocrx_word' id='word_1_193' title='bbox 207 2590 288 2651; x_wconf 86' lang='lat' dir='ltr'><strong>Haec</strong></span> <span class='ocrx_word' id='word_1_194' title='bbox 311 2590 416 2650; x_wconf 91' lang='lat' dir='ltr'><strong>eadem</strong></span> <span class='ocrx_word' id='word_1_195' title='bbox 437 2591 513 2650; x_wconf 90' lang='lat' dir='ltr'><strong>ratio</strong></span> <span class='ocrx_word' id='word_1_196' title='bbox 535 2595 671 2649; x_wconf 92' lang='lat' dir='ltr'><strong>naturam</strong></span> <span class='ocrx_word' id='word_1_197' title='bbox 694 2591 784 2649; x_wconf 92' lang='lat' dir='ltr'><strong>animi</strong></span> <span class='ocrx_word' id='word_1_198' title='bbox 806 2595 893 2667; x_wconf 90' lang='lat' dir='ltr'><strong>atque</strong></span> <span class='ocrx_word' id='word_1_199' title='bbox 916 2590 1025 2648; x_wconf 93' lang='lat' dir='ltr'><strong>animai</strong></span> 
     </span>
     <span class='ocr_line' id='line_1_29' title="bbox 162 2675 1081 2758; baseline -0.004 -19"><span class='ocrx_word' id='word_1_200' title='bbox 162 2696 340 2758; x_wconf 88' lang='lat' dir='ltr'><strong>corpoream</strong></span> <span class='ocrx_word' id='word_1_201' title='bbox 362 2677 450 2738; x_wconf 91' lang='lat' dir='ltr'><strong>docet</strong></span> <span class='ocrx_word' id='word_1_202' title='bbox 472 2694 551 2737; x_wconf 90' lang='lat' dir='ltr'><strong>esse:</strong></span> <span class='ocrx_word' id='word_1_203' title='bbox 573 2675 626 2736; x_wconf 92' lang='lat' dir='ltr'><strong>uhi</strong></span> <span class='ocrx_word' id='word_1_204' title='bbox 649 2679 727 2737; x_wconf 94' lang='lat' dir='ltr'><strong>enim</strong></span> <span class='ocrx_word' id='word_1_205' title='bbox 749 2675 914 2755; x_wconf 90' lang='lat' dir='ltr'><strong>propellere</strong></span> <span class='ocrx_word' id='word_1_206' title='bbox 937 2675 1081 2756; x_wconf 89' lang='lat' dir='ltr'><strong>membra,</strong></span> 
     </span>
     <span class='ocr_line' id='line_1_30' title="bbox 163 2763 976 2846; baseline -0.005 -19"><span class='ocrx_word' id='word_1_207' title='bbox 163 2769 317 2846; x_wconf 86' lang='lat' dir='ltr'><strong>corripere</strong></span> <span class='ocrx_word' id='word_1_208' title='bbox 340 2783 377 2825; x_wconf 85' lang='lat' dir='ltr'><strong>ex</strong></span> <span class='ocrx_word' id='word_1_209' title='bbox 401 2781 504 2824; x_wconf 90' lang='lat' dir='ltr'><strong>somno</strong></span> <span class='ocrx_word' id='word_1_210' title='bbox 527 2781 647 2844; x_wconf 86' lang='lat' dir='ltr'><strong>corpus,</strong></span> <span class='ocrx_word' id='word_1_211' title='bbox 670 2771 842 2842; x_wconf 89' lang='lat' dir='ltr'><strong>mutareque</strong></span> <span class='ocrx_word' id='word_1_212' title='bbox 865 2763 976 2824; x_wconf 87' lang='lat' dir='ltr'><strong>vultum</strong></span> 
     </span>
     <span class='ocr_line' id='line_1_31' title="bbox 160 2851 1020 2934; baseline -0.007 -18"><span class='ocrx_word' id='word_1_213' title='bbox 160 2863 252 2934; x_wconf 88' lang='lat' dir='ltr'><strong>atque</strong></span> <span class='ocrx_word' id='word_1_214' title='bbox 276 2854 428 2913; x_wconf 88' lang='lat' dir='ltr'><strong>hominem</strong></span> <span class='ocrx_word' id='word_1_215' title='bbox 449 2859 545 2912; x_wconf 91' lang='lat' dir='ltr'><strong>totum</strong></span> <span class='ocrx_word' id='word_1_216' title='bbox 568 2869 672 2930; x_wconf 87' lang='lat' dir='ltr'><strong>regere</strong></span> <span class='ocrx_word' id='word_1_217' title='bbox 696 2870 729 2912; x_wconf 92' lang='lat' dir='ltr'><strong>ac</strong></span> <span class='ocrx_word' id='word_1_218' title='bbox 751 2870 868 2912; x_wconf 86' lang='lat' dir='ltr'><strong>versare</strong></span> <span class='ocrx_word' id='word_1_219' title='bbox 891 2851 1020 2931; x_wconf 86' lang='lat' dir='ltr'><strong>videtur,</strong></span> 
     </span>
    </p>

    <p class='ocr_par' dir='ltr' id='par_1_7' title="bbox 87 2939 1037 3370">
     <span class='ocr_line' id='line_1_32' title="bbox 87 2939 918 3022; baseline -0.014 -12"><span class='ocrx_word' id='word_1_220' title='bbox 87 2960 141 3009; x_wconf 84' lang='grc'><strong>165</strong></span> <span class='ocrx_word' id='word_1_221' title='bbox 162 2959 292 3022; x_wconf 89' lang='lat' dir='ltr'><strong>quorum</strong></span> <span class='ocrx_word' id='word_1_222' title='bbox 315 2940 359 3000; x_wconf 92' lang='lat' dir='ltr'><strong>nil</strong></span> <span class='ocrx_word' id='word_1_223' title='bbox 381 2941 448 3000; x_wconf 85' lang='lat' dir='ltr'><strong>ficri</strong></span> <span class='ocrx_word' id='word_1_224' title='bbox 470 2942 534 3000; x_wconf 92' lang='lat' dir='ltr'><strong>sine</strong></span> <span class='ocrx_word' id='word_1_225' title='bbox 557 2946 638 3000; x_wconf 86' lang='lat' dir='ltr'><strong>tactu</strong></span> <span class='ocrx_word' id='word_1_226' title='bbox 660 2957 748 3018; x_wconf 87' lang='lat' dir='ltr'><strong>posse</strong></span> <span class='ocrx_word' id='word_1_227' title='bbox 771 2939 918 3018; x_wconf 53' lang='lat' dir='ltr'><strong>videmus</strong></span> 
     </span>
     <span class='ocr_line' id='line_1_33' title="bbox 159 3024 1037 3108; baseline -0.008 -17"><span class='ocrx_word' id='word_1_228' title='bbox 159 3049 217 3091; x_wconf 93' lang='lat' dir='ltr'><strong>nec</strong></span> <span class='ocrx_word' id='word_1_229' title='bbox 240 3036 354 3089; x_wconf 89' lang='lat' dir='ltr'><strong>tactum</strong></span> <span class='ocrx_word' id='word_1_230' title='bbox 377 3045 466 3107; x_wconf 91' lang='lat' dir='ltr'><strong>porro</strong></span> <span class='ocrx_word' id='word_1_231' title='bbox 490 3028 554 3087; x_wconf 92' lang='lat' dir='ltr'><strong>sine</strong></span> <span class='ocrx_word' id='word_1_232' title='bbox 577 3045 714 3108; x_wconf 84' lang='lat' dir='ltr'><strong>corpore,</strong></span> <span class='ocrx_word' id='word_1_233' title='bbox 736 3045 835 3086; x_wconf 93' lang='lat' dir='ltr'><strong>nonne</strong></span> <span class='ocrx_word' id='word_1_234' title='bbox 857 3024 1037 3087; x_wconf 83' lang='lat' dir='ltr'><strong>fatendumst</strong></span> 
     </span>
     <span class='ocr_line' id='line_1_34' title="bbox 162 3108 977 3196; baseline -0.006 -18"><span class='ocrx_word' id='word_1_235' title='bbox 162 3135 308 3196; x_wconf 88' lang='lat' dir='ltr'><strong>corporea</strong></span> <span class='ocrx_word' id='word_1_236' title='bbox 330 3124 436 3177; x_wconf 90' lang='lat' dir='ltr'><strong>natura</strong></span> <span class='ocrx_word' id='word_1_237' title='bbox 458 3117 589 3175; x_wconf 92' lang='lat' dir='ltr'><strong>animum</strong></span> <span class='ocrx_word' id='word_1_238' title='bbox 612 3122 747 3175; x_wconf 89' lang='lat' dir='ltr'><strong>constare</strong></span> <span class='ocrx_word' id='word_1_239' title='bbox 770 3108 977 3192; x_wconf 81' lang='lat' dir='ltr'><strong>animamque?</strong></span> 
     </span>
     <span class='ocr_line' id='line_1_35' title="bbox 159 3203 929 3286; baseline -0.008 -20"><span class='ocrx_word' id='word_1_240' title='bbox 159 3212 318 3286; x_wconf 87' lang='lat' dir='ltr'><strong>praeterea</strong></span> <span class='ocrx_word' id='word_1_241' title='bbox 339 3206 453 3283; x_wconf 91' lang='lat' dir='ltr'><strong>pariter</strong></span> <span class='ocrx_word' id='word_1_242' title='bbox 476 3203 558 3281; x_wconf 90' lang='lat' dir='ltr'><strong>lungi</strong></span> <span class='ocrx_word' id='word_1_243' title='bbox 580 3222 649 3264; x_wconf 91' lang='lat' dir='ltr'><strong>cum</strong></span> <span class='ocrx_word' id='word_1_244' title='bbox 671 3220 794 3282; x_wconf 90' lang='lat' dir='ltr'><strong>corpore</strong></span> <span class='ocrx_word' id='word_1_245' title='bbox 818 3210 848 3263; x_wconf 91' lang='lat' dir='ltr'><strong>et</strong></span> <span class='ocrx_word' id='word_1_246' title='bbox 870 3219 929 3262; x_wconf 93' lang='lat' dir='ltr'><strong>una</strong></span> 
     </span>
     <span class='ocr_line' id='line_1_36' title="bbox 160 3290 927 3370; baseline -0.009 -15"><span class='ocrx_word' id='word_1_247' title='bbox 160 3294 333 3355; x_wconf 89' lang='lat' dir='ltr'><strong>consentire</strong></span> <span class='ocrx_word' id='word_1_248' title='bbox 358 3293 489 3351; x_wconf 92' lang='lat' dir='ltr'><strong>animum</strong></span> <span class='ocrx_word' id='word_1_249' title='bbox 511 3290 597 3351; x_wconf 88' lang='lat' dir='ltr'><strong>nohis</strong></span> <span class='ocrx_word' id='word_1_250' title='bbox 619 3294 651 3351; x_wconf 93' lang='lat' dir='ltr'><strong>in</strong></span> <span class='ocrx_word' id='word_1_251' title='bbox 675 3309 797 3370; x_wconf 89' lang='lat' dir='ltr'><strong>corpore</strong></span> <span class='ocrx_word' id='word_1_252' title='bbox 821 3292 927 3350; x_wconf 90' lang='lat' dir='ltr'><strong>cernis.</strong></span> 
     </span>
    </p>

    <p class='ocr_par' dir='ltr' id='par_1_8' title="bbox 84 3378 863 3547">
     <span class='ocr_line' id='line_1_37' title="bbox 84 3378 854 3450; baseline -0.014 -1"><span class='ocrx_word' id='word_1_253' title='bbox 84 3400 139 3450; x_wconf 77' lang='lat'><strong>170</strong></span> <span class='ocrx_word' id='word_1_254' title='bbox 160 3385 188 3442; x_wconf 86' lang='lat' dir='ltr'><strong>si</strong></span> <span class='ocrx_word' id='word_1_255' title='bbox 211 3383 314 3441; x_wconf 88' lang='lat' dir='ltr'><strong>minus</strong></span> <span class='ocrx_word' id='word_1_256' title='bbox 338 3379 461 3440; x_wconf 84' lang='lat' dir='ltr'><strong>offendit</strong></span> <span class='ocrx_word' id='word_1_257' title='bbox 482 3381 572 3438; x_wconf 84' lang='lat' dir='ltr'><strong>vitam</strong></span> <span class='ocrx_word' id='word_1_258' title='bbox 594 3381 639 3439; x_wconf 87' lang='lat' dir='ltr'><strong>vis</strong></span> <span class='ocrx_word' id='word_1_259' title='bbox 661 3379 780 3440; x_wconf 85' lang='lat' dir='ltr'><strong>horrida</strong></span> <span class='ocrx_word' id='word_1_260' title='bbox 802 3378 854 3439; x_wconf 92' lang='lat' dir='ltr'><strong>teli</strong></span> 
     </span>
     <span class='ocr_line' id='line_1_38' title="bbox 159 3465 863 3547; baseline -0.003 -17"><span class='ocrx_word' id='word_1_261' title='bbox 159 3469 283 3532; x_wconf 90' lang='lat' dir='ltr'><strong>ossibus</strong></span> <span class='ocrx_word' id='word_1_262' title='bbox 306 3487 341 3529; x_wconf 88' lang='lat' dir='ltr'><strong>ac</strong></span> <span class='ocrx_word' id='word_1_263' title='bbox 363 3469 463 3528; x_wconf 86' lang='lat' dir='ltr'><strong>nervis</strong></span> <span class='ocrx_word' id='word_1_264' title='bbox 486 3465 624 3528; x_wconf 88' lang='lat' dir='ltr'><strong>disclusis</strong></span> <span class='ocrx_word' id='word_1_265' title='bbox 646 3470 727 3528; x_wconf 92' lang='lat' dir='ltr'><strong>intus</strong></span> <span class='ocrx_word' id='word_1_266' title='bbox 750 3467 863 3547; x_wconf 85' lang='lat' dir='ltr'><strong>adacta,</strong></span> 
     </span>
    </p>
   </div>
   <div class='ocr_carea' id='block_1_5' title="bbox 0 0 1252 3800">
    <p class='ocr_par' dir='ltr' id='par_1_9' title="bbox 0 0 1252 3800">
     <span class='ocr_line' id='line_1_39' title="bbox 0 0 1252 3800; baseline 0 0"><span class='ocrx_word' id='word_1_267' title='bbox 0 0 1252 3800; x_wconf 95' lang='lat' dir='ltr'><strong> </strong></span> 
     </span>
    </p>
   </div>
  </div>
 </body>
</html>
