2484 3800
583 184 611 238 V
1034 184 1097 250 151

164 332 336 392 autminus
358 331 414 391 hoc
437 329 486 391 illo
510 333 550 392 sit
573 350 627 391 cur
649 330 819 410 amplectier
837 335 930 416 ausis.
1058 355 1100 395 rao

165 419 292 499 denique
316 437 369 480 cur
391 426 518 497 nequeat
541 437 658 499 semper
680 437 755 481 nora
777 419 846 482 luna
869 422 965 483 creari

89 526 146 575 'tao
166 508 270 568 ordine
294 507 455 568 formarum
478 514 560 568 certo
584 509 733 587 certisque
756 509 872 589 liguris,

89 598 256 675 reatuque
279 595 343 656 dies
366 597 465 674 privos
488 595 617 657 aborisci
640 614 773 675 quaeque
796 605 894 658 creata

166 692 254 763 atque
278 682 334 745 alia
356 682 437 744 illius
459 686 591 763 reparari
614 687 646 745 in
668 691 752 763 parte
775 684 912 766 locoque,

165 772 315 833 difficilest
337 774 450 832 ratione
474 773 579 833 docere
602 779 633 833 et
654 776 773 833 vincere
796 773 908 854 verbis,
1058 795 1100 837 aas

167 861 270 921 ordine
294 878 361 921 cum
377 857 501 939 possint
521 868 582 921 tam
604 868 687 921 certo
709 861 800 922 multa
822 864 925 923 creari.

91 966 147 1017 ‘12⁶
165 952 190 1010 it
211 967 263 1009 ver
286 955 315 1009 et
337 948 435 1009 Venus
458 956 488 1009 et
509 948 633 1010 Veneris
654 951 848 1029 praenuntius
871 956 938 1011 ante

90 1046 151 1098 736
166 1044 312 1117 pennatus
335 1036 481 1118 graditur,
503 1038 622 1116 zephyri
645 1040 767 1117 vestigia
789 1046 911 1118 propter

165 1125 253 1187 Flora
275 1123 383 1204 quibus
405 1131 499 1186 mater
520 1143 735 1205 praespargens
758 1133 824 1187 ante
847 1128 906 1187 viai

167 1221 272 1275 cuncta
294 1212 443 1275 coloribus
465 1215 593 1292 egregiis
616 1220 647 1274 et
669 1214 809 1276 odoribus
831 1214 937 1294 opplet.
1058 1235 1099 1276 reo

167 1303 236 1364 iude
259 1302 316 1362 loci
339 1303 473 1380 sequitur
496 1302 576 1362 calor
598 1302 699 1363 aridus
722 1309 752 1363 et
774 1321 873 1363 comes
895 1321 954 1364 una

91 1409 148 1460 rao
165 1389 370 1471 pulverulenta
394 1389 484 1451 Ceres
506 1392 536 1452 et
556 1393 649 1452 etesia
671 1390 763 1451 llabra
785 1390 963 1470 aquilonum.

91 1480 234 1541 741inde
257 1484 415 1539 autumnus
439 1478 511 1558 adit,
534 1479 668 1557 graditur
690 1478 777 1540 simul
799 1478 912 1540 Eubius
934 1478 1025 1540 Euan.

167 1567 236 1628 inde
260 1566 332 1627 aliae
356 1574 545 1645 tempestates
568 1570 707 1647 ventique
731 1575 886 1648 secuntur,

167 1656 325 1717 altitonans
347 1654 506 1716 Volturnus
530 1662 559 1716 et
581 1665 682 1716 auster
704 1655 825 1717 fulmine
848 1656 971 1736 pollens.
1058 1678 1099 1720 111

165 1744 284 1805 tandem
306 1743 411 1805 bruma
432 1744 516 1805 nives
538 1744 633 1804 adfert
654 1746 831 1824 pigrumque
853 1747 983 1824 rigorem

91 1852 147 1903 735
167 1833 242 1895 didit
263 1832 372 1915 hiems,
396 1834 530 1912 sequitur
552 1835 701 1912 crepitans
724 1834 799 1894 hanc
822 1833 958 1895 dentibus
981 1832 1071 1914 algor.

91 1932 150 1984 746
165 1941 223 2002 quo
246 1923 345 1982 minus
368 1926 414 1982 est
435 1923 556 2002 mirum,
580 1924 606 1982 si
629 1928 711 1983 certo
733 1930 866 2003 tempore
889 1923 959 1984 luna

167 2012 296 2089 gignitur
319 2017 349 2070 et
371 2016 451 2069 certo
475 2009 589 2070 deletur
611 2017 745 2088 tempore
767 2029 869 2089 rusus,

168 2117 235 2160 cum
257 2100 323 2158 fieri
345 2099 461 2176 possint
482 2105 542 2158 tam
565 2104 647 2158 certo
670 2105 802 2177 tempore
825 2097 924 2159 multa.
1058 2123 1099 2164 rso

212 2185 288 2246 Solis
311 2188 383 2247 item
405 2203 521 2265 quoque
545 2185 678 2246 delectus
700 2185 844 2264 lunaeque
867 2185 994 2247 latebras

90 2295 148 2346 740
167 2274 301 2355 pluribus
324 2292 340 2334 e
364 2276 460 2334 causis
483 2274 549 2334 lieri
570 2271 626 2333 tibi
648 2291 743 2353 posse·
759 2273 958 2352 putandumst

91 2373 236 2426 751nam
258 2381 312 2423 cur
334 2361 403 2423 luna
426 2369 514 2440 queat
536 2369 646 2422 terram
669 2360 821 2422 secludere
845 2361 915 2422 solis

168 2451 279 2513 lumine
302 2457 332 2511 et
354 2469 371 2510 a
393 2451 482 2510 terris
505 2450 595 2511 altum
619 2456 707 2529 caput
729 2448 882 2511 obstruere
906 2452 947 2530 ei,

168 2538 300 2600 obiciens
323 2556 444 2599 caecum
466 2537 557 2598 radiis
580 2537 752 2598 ardentibus
773 2537 888 2618 orbem,
1059 2561 1100 2604 111

167 2635 300 2708 tempore
324 2626 428 2688 eodem
450 2625 529 2686 aliud
551 2627 649 2687 lacere
671 2626 702 2686 id
724 2643 784 2686 non
806 2644 893 2706 posse
916 2633 1037 2705 putetur

92 2733 149 2784 ‘145
169 2735 290 2797 corpus,
313 2715 391 2794 quod
415 2733 531 2776 cassum
553 2713 668 2775 labatur
690 2714 800 2775 lumine
824 2711 963 2794 semper?

93 2813 153 2864 756
169 2804 271 2883 solque
295 2821 365 2864 suos
388 2805 476 2863 etiam
498 2802 648 2864 dimittere
670 2803 825 2881 languidus
848 2804 925 2880 ignis

168 2901 300 2972 tempore
324 2910 378 2952 cur
401 2898 482 2952 certo
505 2897 645 2972 nequeat,
667 2909 861 2970 recreareque
885 2889 997 2973 lumen,

168 2999 235 3042 cum
257 2981 320 3041 loca
343 2981 496 3059 praeteriit
517 2979 644 3040 flammis
666 2979 774 3039 infesta
796 2997 850 3057 per
874 2997 972 3060 auras,
1060 3003 1100 3044 rso

169 3087 242 3148 quae
266 3069 377 3129 iaciunt
399 3069 477 3146 ignis
499 3069 689 3145 interstingui
711 3073 797 3145 atque
820 3063 941 3145 perire?

93 3175 149 3224 750
168 3165 198 3218 et
220 3175 276 3220 cur.
296 3164 375 3217 terra
399 3163 488 3235 queat
508 3155 607 3217 lunam
631 3154 757 3234 spoliare
780 3156 911 3215 vicissim

94 3245 278 3307 761lumine
302 3252 332 3306 et
354 3261 529 3324 oppressum
551 3243 645 3304 solem
667 3261 757 3322 super
780 3245 844 3322 ipsa
865 3249 982 3323 tenere,

167 3341 318 3394 menstrua
342 3333 412 3393 dnm
435 3331 544 3410 rigidas
567 3334 636 3393 coni
657 3329 819 3410 perlabitur
841 3330 975 3411 umbras,

167 3430 300 3502 tempore
325 3421 429 3482 eodem
452 3419 530 3481 aliud
553 3429 680 3500 nequeat
703 3438 876 3482 succurrere
900 3419 986 3481 lunae
1060 3438 1100 3480 aas

168 3529 275 3591 corpus
298 3509 345 3570 rel
368 3528 455 3588 supra
479 3507 550 3570 solis
572 3509 719 3589 perlabier
742 3508 856 3590 orbem,
