2484 3800
161 166 225 229 134
645 162 671 217 V

231 310 343 372 aecidat
366 311 487 371 exitium
510 309 585 371 oaeli
607 315 765 386 terraeque
788 306 935 383 futurum,

135 394 139 405 '
231 405 261 459 et
283 416 370 478 quam
393 397 511 459 difficile
534 397 565 457 id
588 396 662 457 mihi
686 398 725 456 sit
746 392 920 473 pervincere
944 388 1043 467 dictis3

163 503 213 553 100
231 492 265 547 ut
286 487 320 546 tit
341 484 393 545 ubi
415 485 561 546 insolitam
585 503 649 545 rem
672 482 811 562 adportes
834 478 958 540 auribus
980 481 1059 554 ante,

232 591 286 633 neo
308 580 406 635 tamen
427 574 503 634 bane
525 574 624 651 possis
647 570 800 632 ocrdorum
825 566 953 628 subdere
975 566 1041 624 risu

232 679 287 721 neo
309 664 405 721 iaoere
428 662 500 721 indu
522 678 641 740 manus,
663 661 711 719 ria
734 676 792 737 qua
814 653 929 717 munita
951 652 1023 712 fidei

232 751 364 828 proxima
386 749 444 809 lert
465 748 625 809 humanum
648 749 681 807 in
703 752 808 825 pectus
830 742 1001 821 templaque
1023 737 1139 799 mentis.

233 837 284 896 sed
306 844 405 897 tamen
427 834 545 896 effabor.
583 836 671 896 dietis
694 833 777 894 dabit
797 834 864 911 ipsa
885 829 975 890 tidem
999 844 1061 907 res,

165 937 215 987 tot>
233 924 368 1005 forsitan,
392 930 421 984 et
443 926 571 1002 graviter
592 930 742 983 terrarum
764 919 894 980 motibus
918 918 993 976 ortis

233 1014 330 1071 omnia
352 1013 542 1089 conquassari
564 1013 596 1071 in
618 1028 709 1089 parvo
731 1016 866 1087 tempore
889 1022 1004 1067 cernes.

234 1098 310 1177 quod
332 1098 437 1177 procul
458 1118 474 1158 a
496 1097 583 1158 nobis
605 1098 707 1158 lleetat
728 1098 847 1157 fortuna
870 1093 1055 1173 gubernans,

218 1192 265 1267 et
286 1189 360 1247 ratio
382 1188 480 1265 potius
503 1204 592 1264 quam
614 1203 664 1245 res
687 1184 866 1265 persuadeat
888 1184 954 1261 ipsa
1237 1221 1238 1264 p

235 1272 385 1333 succidere
408 1273 563 1333 horrisono
586 1291 675 1352 posse
699 1274 798 1332 omnia
820 1274 898 1331 vieta
920 1269 1048 1347 fragore.
1237 1269 1238 1332 l

167 1375 217 1423 110
279 1360 341 1430 Qua
363 1363 446 1440 prius
469 1360 624 1439 adgrediar
647 1378 736 1439 quam
759 1360 797 1420 de
819 1377 853 1419 re
876 1355 1003 1419 fundere
1026 1355 1084 1415 lata
1237 1367 1238 1372 ’

236 1449 364 1507 sanctius
387 1454 417 1507 et
438 1447 530 1508 multo
553 1454 634 1509 certa
656 1450 772 1508 ratione
795 1448 890 1525 magis
914 1462 1005 1523 quam

235 1532 337 1611 Pythia
360 1554 433 1613 quae
456 1534 571 1615 tripode
595 1554 612 1595 a
634 1535 747 1596 Phoebi
769 1534 914 1613 lauroque
936 1532 1085 1612 profatur,

237 1620 328 1680 multa
349 1621 404 1681 tibi
426 1623 579 1701 expediam
602 1622 697 1683 doctis
722 1622 830 1683 solacia
853 1622 955 1701 dietis,

237 1706 378 1783 religione
401 1709 566 1770 refrenatus
589 1728 627 1769 ne
650 1711 727 1771 forte
751 1712 846 1770 rearis

170 1807 219 1855 115
237 1799 331 1853 terras
355 1801 384 1854 et
406 1795 497 1857 solem
521 1803 550 1857 et
572 1797 700 1878 eaelum,
723 1816 805 1858 mare
829 1797 929 1856 sidera
951 1794 1068 1874 lunam,

238 1897 360 1959 corpore
384 1880 482 1943 divino
505 1883 613 1945 debere
637 1891 758 1947 aeterna
780 1903 916 1965 manere,

237 1975 451 2049 proptereaque
473 1979 559 2051 putes
582 1975 644 2033 ritu
665 1991 721 2052 par
744 1991 811 2034 esse
834 1972 996 2050 Gigantum

238 2055 366 2132 pendere
390 2076 440 2118 eos
461 2077 571 2137 poenas
593 2062 707 2121 inmani
729 2078 784 2140 pro
809 2059 923 2121 scelere
947 2061 1061 2139 omnis,

239 2144 290 2220 qui
312 2146 424 2205 ratione
448 2163 500 2206 sua
523 2145 691 2207 disturbent
713 2150 831 2208 moenia
854 2146 961 2208 mundi

172 2243 221 2292 120
238 2229 478 2310 praeclarumque
501 2233 592 2294 velint
615 2234 690 2294 caeli
712 2238 902 2314 restinguere
926 2233 1037 2315 solem,

239 2317 404 2414 inmortalia
424 2319 542 2380 mortali
564 2339 701 2382 sermone
724 2329 875 2404 notantes3

240 2420 313 2480 quae
335 2404 438 2483 prooul
460 2425 554 2485 usque
577 2409 651 2469 adeo
675 2409 774 2470 divino
798 2412 958 2471 anumiue
982 2409 1096 2469 distant

240 2491 329 2566 inque
351 2491 439 2552 deum
461 2511 585 2554 numero
609 2515 684 2574 quae
707 2500 769 2558 sint
790 2497 914 2576 indigna
937 2497 1092 2576 ridentur,

240 2577 374 2637 notitiam
395 2581 493 2657 potius
515 2581 658 2659 praebere
681 2591 716 2645 ut
737 2603 826 2664 posse
848 2592 993 2664 putentur

174 2662 311 2737 linquid
334 2667 372 2723 sit
393 2665 474 2725 vitali
495 2675 578 2728 motu
601 2688 750 2751 sensuque
773 2680 931 2734 remotum.

243 2749 348 2826 quippe
371 2755 479 2812 etenim
502 2765 643 2838 nonest,
666 2777 734 2819 cum
758 2763 864 2838 quovis
887 2778 1014 2840 corpore
1038 2766 1074 2820 ut
1094 2777 1155 2820 esse

243 2849 327 2908 posse
350 2839 441 2897 animi
462 2847 565 2901 natura
588 2852 709 2923 putetur
733 2847 960 2927 consiliumque.
1141 2869 1174 2908 nr

245 2919 320 2992 quod
340 2927 476 2998 quoniam
489 2935 591 2989 nostro
606 2950 723 3012 quoque
738 2942 856 2996 constat
869 2953 997 3014 corpore
1014 2941 1128 2996 eertum
1141 2957 1175 2997 ns

245 3002 475 3088 dispositumque
497 3016 615 3077 ridetur
637 3019 690 3080 ubi
712 3039 779 3082 esse
802 3030 834 3083 et
856 3041 995 3084 creseere
1018 3025 1114 3102 possit

176 3100 226 3149 130
246 3105 377 3150 seorsum
390 3099 484 3157 anima
499 3108 586 3180 atque
601 3109 726 3189 animus,
739 3115 822 3169 tanto
836 3113 932 3190 magis
941 3111 1129 3172 infitiandum
1142 3134 1175 3173 uo

177 3186 228 3235 141
243 3179 336 3276 totum
358 3196 442 3255 posse
466 3194 548 3247 extra
571 3209 680 3272 corpus
703 3196 889 3277 formamque
913 3198 1076 3260 animalem

245 3261 379 3360 putribus
401 3268 432 3326 in
455 3270 548 3346 glebis
571 3284 720 3342 terrarum
743 3292 794 3345 aut
817 3285 891 3346 solis
913 3289 946 3346 in
969 3289 1034 3366 igni

248 3353 350 3406 autin
373 3368 446 3428 aqua
468 3357 574 3423 durare
598 3375 649 3428 aut
671 3369 738 3430 altis
761 3373 894 3436 aetheris
917 3377 987 3436 oris.

420 3436 621 3530 [128—137]
638 3482 680 3505 =
694 3457 734 3518 lll
753 3458 941 3523 781-790.
