2484 3800
588 174 629 229 ΠΙ
1067 177 1110 241 83

172 339 229 381 666
250 327 333 381 66666
355 323 492 382 amissam
514 321 626 383 laevam
649 341 715 383 cum
738 324 866 401 tegmine
890 341 976 403 saepe

173 412 253 469 inter
274 428 367 488 equos
389 409 525 471 abstraxe
548 418 629 471 rotas
652 410 799 489 falcesque
822 428 956 493 rapaceS,
1070 434 1110 476 eoo

173 516 229 557 nec
252 498 395 558 cecidisse
418 497 493 558 alius
516 499 663 579 dextram,
686 517 754 559 cum
776 499 890 559 scandit
912 507 942 560 66
964 502 1062 561 instat.

102 585 244 653 cecinna
267 585 342 646 alius
365 593 489 647 conatur
511 587 647 665 adempto
672 604 793 664 surgere
817 605 917 668 crure,

174 692 242 734 oum
265 673 372 752 digitos
395 676 485 751 agitat
506 682 628 754 propter
650 674 844 735 moribundus
867 675 949 735 humi
971 694 1033 754 pes

174 768 205 821 et
226 769 315 839 caput
337 761 485 822 abscisum
508 762 602 823 calido
626 765 799 841 viventeque
823 769 928 823 trunco

174 856 272 909 servat
292 849 375 909 humi
396 850 509 911 voltum
531 850 648 911 vitalem
672 850 831 930 octiesque
853 853 994 933 patentis,
1069 874 1108 916 eac

174 937 268 997 donec
290 937 431 1017 reliquias
453 940 561 998 animai
583 938 713 999 reddidit
735 957 845 999 omnes.

102 1042 155 1092 666
175 1027 248 1104 quin
271 1027 359 1086 etiam
381 1024 437 1086 tibi
459 1028 499 1106 si,
522 1026 621 1105 lingua
644 1025 791 1107 vibrante,
813 1028 934 1087 micanti

175 1115 322 1191 serpentis
344 1114 436 1174 cauda
458 1132 583 1192 procero
606 1132 730 1193 corpore
752 1122 891 1176 trvmcum

175 1204 215 1261 sit
237 1200 354 1262 lihitum
376 1204 408 1261 in
430 1201 537 1262 multas
559 1205 653 1281 partis
677 1202 822 1263 discidere
845 1203 937 1283 ferro,

175 1291 274 1350 omnia
295 1292 354 1349 iam
376 1307 493 1350 sorsum
516 1308 620 1351 cernes
644 1292 743 1351 ancisa
765 1293 878 1351 receuti
1070 1314 1109 1354 oco

174 1376 294 1438 volnere
317 1380 423 1438 tortari
445 1384 475 1438 et
496 1384 607 1439 terram
630 1396 825 1457 conspargere
848 1376 930 1459 taho,

100 1483 155 1533 666
174 1468 270 1544 ipsam
293 1484 384 1544 seque
407 1473 487 1526 retro
509 1474 622 1545 partem
645 1473 747 1545 petere
771 1484 822 1529 ore
843 1469 987 1548 priorem,

172 1552 303 1613 volneris
326 1554 478 1614 ardentem
500 1562 534 1615 ut
555 1573 658 1615 morsu
679 1562 795 1634 premat
816 1556 874 1615 icta
896 1553 1036 1616 dolorem.

175 1641 312 1702 omnihus
335 1660 401 1702 6666
424 1644 515 1720 igitur
537 1649 613 1703 totas
637 1643 770 1703 dicemus
791 1645 823 1703 iu
845 1643 904 1703 illis

174 1729 328 1809 particulis
350 1726 483 1790 animas?
519 1737 549 1790 66
570 1749 605 1791 66
627 1733 741 1792 ratione
764 1739 904 1810 sequetur
1070 1752 1109 1794 666

174 1836 265 1878 uuam
292 1820 469 1878 animantem
496 1821 608 1879 animas
633 1818 771 1880 habuisse
793 1822 825 1879 in
848 1838 971 1898 corpore
994 1818 1108 1879 multas.

101 1925 155 1974 666
175 1925 246 1985 ergo
269 1907 391 1968 divisast
412 1925 447 1968 ea
469 1925 544 1986 quae
567 1908 622 1968 luit
644 1927 702 1968 una
725 1908 813 1970 simul
836 1927 902 1970 oum

175 2013 312 2076 corpore3
335 2002 514 2075 quapropter
535 1995 659 2056 mortale
682 2002 840 2076 utrumque
862 1996 1066 2076 putandumst,

175 2085 208 2144 in
230 2083 337 2144 multas
360 2085 498 2162 quoniam
520 2086 612 2162 partis
636 2083 791 2144 disciditur
814 2101 915 2162 aeque.
933 2080 944 2163 ΙΙ

218 2170 375 2232 Praeterea
397 2173 425 2231 si
446 2171 610 2232 inmortalis
633 2178 737 2232 natura
760 2173 867 2232 animai
1071 2193 1110 2233 evo

177 2267 293 2320 constat
315 2267 345 2320 ct
366 2262 398 2319 in
421 2277 529 2338 corpus
551 2259 740 2320 nascentibus
764 2261 942 2340 insinuatur,

101 2365 157 2415 evo
176 2366 231 2408 cur
253 2365 360 2426 supera
386 2354 453 2408 ante
476 2354 570 2408 actem
593 2353 717 2408 aetatem
740 2348 910 2408 meminisse
933 2347 1091 2426 nequimus

177 2454 234 2496 666
255 2437 378 2514 vestigia
401 2441 551 2514 gestarum
573 2454 674 2496 rerum
696 2433 755 2495 ulla
777 2431 934 2496 tenemus?

176 2541 244 2583 nam
268 2525 295 2583 si
316 2529 397 2583 66666
420 2531 539 2601 operest
561 2526 652 2583 animi
675 2529 785 2584 mutata
809 2529 953 2604 potestaS,

176 2613 273 2672 omnis
294 2618 329 2672 ut
350 2617 481 2671 actarum
504 2611 647 2672 exciderit
669 2613 826 2672 retinentia
848 2629 962 2691 rerum,
1070 2631 1110 2672 eva

176 2717 250 2780 non,
271 2705 305 2759 ut
327 2701 444 2780 opinor,
466 2699 497 2759 id
520 2718 536 2759 a
559 2699 618 2760 leto
641 2702 700 2760 iam
722 2699 850 2778 longitcr
871 2706 963 2779 errat,

103 2805 158 2856 675
177 2793 357 2866 quapropter
379 2787 488 2847 fateare
510 2795 662 2848 necessest
685 2805 759 2866 quae
783 2788 839 2848 luit
861 2793 927 2847 6666

176 2877 339 2957 interiisse,
363 2882 392 2935 66
414 2893 489 2954 6666
511 2893 591 2936 6666
613 2883 660 2936 666
681 2894 760 2936 nuuc
783 2893 849 2936 6666
872 2881 1008 2935 creatam.

219 2962 376 3023 Praeterea
399 2965 425 3022 si
446 2965 506 3022 iam
527 2964 660 3042 perfeeto
684 2981 807 3044 corpore
830 2962 916 3024 nohis

175 3053 281 3112 inferri
303 3050 419 3111 solitast
440 3052 554 3111 animae
576 3053 670 3112 vivata
693 3058 823 3130 potestas
1070 3073 1110 3114 coo

175 3148 240 3201 tum
262 3157 330 3200 cum
352 3140 500 3217 gignimur
522 3146 553 3199 ct
573 3141 650 3200 vitae
674 3157 742 3199 cum
764 3139 854 3200 limen
876 3142 999 3220 inimus,

103 3245 158 3296 666
174 3228 254 3289 haud
276 3229 317 3287 ita
339 3226 530 3288 conveniebat
552 3230 685 3288 uti-cum
710 3245 833 3306 corpore
857 3235 886 3288 66
908 3245 967 3288 666

176 3335 243 3378 cum
267 3314 408 3375 membris
431 3315 564 3377 videatur
585 3318 617 3375 iu
640 3318 705 3395 ipso
729 3317 871 3394 sauguine
895 3333 1007 3395 cresse,

178 3404 229 3464 sed
253 3403 333 3464 velut
354 3405 386 3463 in
408 3421 495 3463 cavea
517 3421 571 3482 per
594 3422 627 3464 se
651 3404 707 3465 sibi
729 3407 829 3466 vivere
852 3404 945 3465 solam

176 3493 325 3572 convenit,
347 3498 381 3552 ut
404 3509 493 3552 seusu
517 3510 624 3573 corpus
648 3500 746 3554 tamen
769 3493 848 3554 afuat
871 3509 969 3552 omne:
1072 3510 1112 3552 666

863 3593 898 3644 6*
