2484 3800
109 154 129 217 2
603 152 617 204 Ι

107 305 142 355 25
161 316 235 377 quos
259 315 313 376 ego
337 297 374 358 de
397 314 498 358 rerum
520 305 627 356 natura
647 314 777 375 pangere
800 314 918 356 conor.

160 385 352 447 Memmiadae
374 391 492 464 nostro,
514 397 602 462 qimm
624 391 672 464 tu,
694 384 763 463 dea,
785 391 919 463 tempore
942 386 975 444 in
998 386 1090 444 omni

162 473 299 534 omnibus
323 475 458 534 ornatum
480 471 601 533 voluisti
623 471 769 533 excellere
791 471 891 533 rebus.

162 580 220 640 quo
243 564 336 640 magis
359 569 512 622 aeternum
534 560 571 620 da
593 560 695 640 dictis,
718 560 797 640 diva,
820 560 960 639 leporem.

162 651 246 710 effice
269 657 302 710 ut
324 652 437 710 interea
460 649 521 708 iera
539 666 680 708 moenera
701 648 820 708 militiai

109 745 143 794 30
161 757 216 817 per
238 740 330 799 maria
352 756 387 798 ac
408 744 504 797 terras
527 739 624 796 omnis
647 738 743 815 sopita
765 739 931 815 quiescant:

162 845 231 886 nam
251 834 285 887 tu
308 825 370 886 sola
392 832 477 904 potes
499 824 659 903 tranquilla
679 843 752 903 pace
775 827 876 885 iuvare

163 915 308 995 mortalis,
331 916 469 992 quoniam
491 912 563 973 belli
585 913 649 972 iera
670 931 811 973 moenera
832 912 948 973 blavors

164 1006 344 1082 armipotens
368 1004 457 1081 regit,
480 1003 511 1061 in
534 1003 680 1079 gremium
703 1004 755 1079 qui
777 1019 865 1080 saepe
888 1008 973 1061 tuum
998 1020 1032 1062 se

163 1095 248 1152 reicit
270 1099 390 1152 aeterno
415 1090 547 1150 devictus
570 1089 691 1149 vulnere
714 1092 837 1169 amoris,

110 1187 144 1235 35
163 1187 251 1258 atque
273 1183 314 1239 ita
337 1180 518 1259 suspiciens,
539 1179 630 1237 tereti
652 1179 767 1238 cervice
790 1184 923 1257 reposta,

163 1271 257 1347 pascit
280 1285 379 1327 amore
402 1265 515 1345 avidos,
537 1265 655 1326 inhians
677 1268 710 1325 in
731 1273 775 1344 te,
796 1265 865 1346 dea,
887 1268 984 1346 visus,

164 1374 239 1434 eque
262 1363 313 1416 tuo
336 1354 446 1434 pendet
467 1356 602 1432 resupini
624 1355 749 1432 spiritus
771 1372 832 1414 ore.

162 1445 310 1524 1111111111,
333 1443 412 1522 diva,
434 1449 486 1501 tuo
509 1441 701 1502 recubantem
724 1460 847 1520 corpore
871 1448 972 1502 sancto

164 1535 276 1592 circum
299 1532 364 1591 fusa
387 1548 490 1609 super,
513 1532 611 1590 suavis
635 1548 745 1590 11111
769 1529 911 1608 loquellas

112 1629 147 1678 40
165 1621 255 1680 iunde
278 1626 383 1698 petens
406 1617 550 1697 placidam
572 1617 727 1697 Romanis,
750 1617 874 1697 incluta,
896 1636 1013 1697 pacem:

164 1726 232 1768 nam
254 1725 351 1786 neque
374 1724 429 1766 nos
452 1724 538 1784 agere
561 1706 617 1766 hoc
639 1708 746 1785 patriai
768 1714 901 1784 tempore
925 1708 1030 1784 iniquo

163 1813 322 1875 possumus
345 1812 438 1873 aequo
462 1795 558 1854 animo
582 1813 638 1854 nec
659 1794 778 1853 Memmi
802 1793 880 1854 clara
901 1812 1034 1873 propago

164 1883 273 1946 talibus
295 1886 327 1945 in
349 1882 439 1945 rebus
462 1885 612 1945 communi
634 1882 721 1943 desse
744 1882 840 1944 saluti.

603 2024 622 2064 *

113 2156 149 2207 50
164 2143 262 2233 llquod
287 2166 377 2228 super
399 2156 458 2229 est,
480 2167 586 2209 vacuas
610 2150 691 2208 auris
714 2149 904 2225 animumque
928 2166 1065 2227 sagacem
1096 2166 1125 2206 oo

112 2245 146 2295 45
165 2245 310 2298 semotum
333 2256 349 2296 a
372 2239 453 2297 curis
472 2237 576 2297 adhibe
599 2254 699 2297 veram
721 2236 757 2296 ad
780 2238 939 2317 rationem,

164 2345 202 2387 ne
225 2344 290 2386 mea
313 2326 389 2386 dona
411 2324 467 2385 tibi
490 2325 588 2385 studio
611 2324 743 2403 disposta
766 2323 859 2405 fideli,

165 2414 419 2493 intellectaprius
443 2431 530 2492 quam
553 2415 626 2493 sint,
649 2419 815 2491 contempta
837 2412 1006 2491 relinquas

165 2522 234 2564 nam
255 2503 311 2562 tibi
333 2502 370 2562 de
394 2519 507 2561 summa
530 2501 603 2561 caeli
625 2502 740 2560 ratione
763 2500 909 2579 deumque

114 2596 150 2647 55
165 2591 312 2651 disserere
335 2592 487 2669 incipiam,
510 2596 540 2650 et
562 2606 664 2649 rerum
686 2589 847 2667 primordia
869 2588 1008 2670 pandam,
1092 2605 1122 2646 cc

113 2686 147 2735 50
164 2679 243 2739 unde
267 2680 363 2738 omnis
386 2685 489 2738 natura
512 2684 593 2737 creet
616 2695 678 2756 res,
702 2684 813 2756 auctet,
836 2676 964 2758 alatque,

166 2784 259 2846 quove
282 2766 385 2826 eadem
408 2784 528 2825 rursum
550 2772 655 2826 natura
677 2772 830 2843 perempta
852 2764 991 2826 resolvat:

166 2873 240 2934 quae
263 2872 318 2914 nos
340 2856 494 2915 materiem
518 2860 548 2913 et
570 2852 708 2932 genitalia
730 2871 855 2931 corpora
876 2852 967 2914 rebus

165 2943 318 3003 reddunda
340 2944 372 3001 in
395 2945 507 3002 ratione
531 2960 635 3002 vocare
659 2948 690 3001 et
712 2944 825 3001 semina
846 2960 948 3002 rerum

114 3038 151 3088 60
167 3030 314 3111 appellare
338 3035 457 3091 suimus
480 3037 510 3090 11
532 3030 604 3090 haec
628 3030 731 3090 eadem
753 3047 897 3108 usurpare
991 3050 995 3054 ’
1092 3045 1122 3085 so

113 3126 147 3177 55
167 3138 290 3198 corpora
312 3121 420 3200 prima,
444 3118 522 3197 quod
544 3137 581 3180 ex
604 3117 664 3178 illis
688 3125 758 3179 sunt
780 3121 877 3178 omnia
898 3115 1042 3196 primisll
1090 3182 1093 3187 ,

211 3206 345 3268 Humana
367 3214 433 3266 ante
457 3206 557 3267 oculos
581 3206 666 3266 foede
689 3224 757 3267 cum
778 3207 838 3265 vita
861 3208 971 3267 iaceret

167 3298 197 3355 in
220 3297 310 3355 terris
334 3311 474 3372 oppressa
497 3297 578 3373 gravi
601 3293 656 3355 sub
679 3293 835 3374 religione,

166 3402 242 3463 quae
265 3388 353 3461 caput
375 3400 391 3440 a
414 3381 487 3441 caeli
509 3382 681 3459 regionibus
705 3380 878 3443 ostendebat

388 3464 544 3585 [tt-tp]
561 3496 601 3519 =
616 3466 839 3532 11645-650,
