2484 3800
547 162 586 216 VI

49 322 114 373 935
136 309 285 386 principio
308 308 342 368 fit
363 314 397 369 ut
418 310 451 369 in
474 308 624 387 speluncis
647 326 717 369 saxa
738 327 866 387 superne

138 396 246 456 sudent
268 414 372 456 umore
396 403 426 456 et
448 398 539 475 guttis
562 396 743 457 manantibu’
767 396 887 459 stillent

136 491 238 545 manat
260 487 332 545 item
354 484 441 545 nobis
464 503 480 545 e
505 490 564 545 toto
588 502 713 563 corpore
736 484 841 565 sudor,

50 578 119 631 945
137 575 247 633 crescit
264 571 363 653 barba,
380 571 493 651 pilique
511 590 566 652 per
585 574 683 633 omnia
700 572 841 653 membra,
858 592 913 652 per
931 581 1023 635 artus.
1038 595 1078 639 osa

138 660 251 721 diditur
272 663 304 721 in
326 678 416 721 venas
441 660 524 721 cibus
547 663 657 742 omnis,
680 669 767 741 auget
789 660 899 740 alitque

51 766 118 815 940
138 752 273 827 corporis
296 757 443 809 extremas
466 767 583 828 quoque
606 750 700 829 partis
723 748 966 827 unguiculosque.

136 830 148 921 ll
161 839 255 915 frigus
278 840 350 897 item
372 839 501 898 transire
523 855 579 917 per
601 856 665 919 aes,
688 837 874 917 calidumque
896 856 1049 919 vaporem,

139 928 298 1006 sentimus,
323 928 469 986 sentimus
491 928 564 986 item
586 928 715 986 transire
737 944 792 1005 per
814 944 919 987 aurum

53 1020 121 1073 950
139 1021 227 1093 atque
249 1032 304 1093 per
327 1020 491 1095 argentum,
513 1032 581 1075 cum
603 1014 710 1093 pocula
728 1014 817 1093 plena
834 1011 1008 1093 tenemusl
1038 1035 1078 1076 oso

139 1103 267 1181 denique
289 1120 345 1181 per
367 1102 497 1181 dissepta
520 1103 676 1163 domorum
698 1120 786 1163 saxea
807 1121 895 1163 voces

34 1197 117 1257 ’545
138 1190 330 1272 pervolitant,
351 1197 505 1270 permanat
527 1190 601 1251 odor
623 1191 776 1269 frigusque
798 1208 947 1270 vaposque

138 1282 230 1360 iguis,
254 1281 306 1357 qui
327 1278 401 1339 ferri
424 1296 541 1358 quoque
564 1280 624 1339 vim
646 1285 803 1357 penetrare
822 1282 930 1340 suevit

139 1368 268 1446 denique
292 1385 349 1445 qua
373 1369 486 1428 circum
509 1366 582 1427 caeli
604 1366 697 1426 lorica
719 1371 838 1427 coercet

563 1474 580 1512 ss

57 1551 122 1606 955
138 1543 273 1605 morbida
295 1545 400 1623 visque
424 1542 525 1624 simul,
548 1557 616 1603 cum
639 1544 824 1604 exuinsecus
847 1545 1023 1625 insinuatur,
1037 1564 1077 1606 555

565 1649 583 1688 a

140 1740 157 1781 e
179 1726 355 1799 tempestate
378 1721 410 1779 in
432 1728 513 1780 terra
536 1718 676 1799 caeloque
699 1726 841 1802 coortast‚

60 1826 121 1877 550
139 1812 172 1871 in
195 1808 309 1869 eaelum
331 1814 485 1887 terrasque
508 1816 637 1869 remotas
659 1811 725 1870 iure
748 1809 910 1889 facessunt3

140 1895 379 1978 quandoquidem
402 1896 444 1958 nil
467 1904 512 1958 est
534 1899 593 1958 nisi
615 1917 716 1958 rarum
739 1915 862 1976 corpore
884 1915 1001 1958 nexum.

184 1985 248 2046 lluc
271 1985 384 2046 accedit
405 1987 450 2045 uti
471 2003 532 2046 non
555 1988 666 2066 omnia,
689 2004 764 2064 quae
787 1989 936 2046 iaciuntur

60 2084 124 2136 960
141 2092 266 2153 corpora
289 2091 415 2151 cumque
439 2071 474 2132 ab
498 2072 601 2154 rebus,
624 2073 727 2133 eodem
750 2073 883 2151 praedita
906 2091 997 2133 sensu
1038 2095 1078 2138 ooo

141 2170 228 2241 atque
251 2162 356 2222 codem
378 2168 464 2239 pacto
487 2160 577 2221 rebus
601 2163 662 2221 sint
684 2159 821 2221 omnibus
843 2167 918 2240 apta.

62 2269 120 2320 555
140 2253 287 2331 principio
309 2257 421 2310 terram
444 2247 489 2308 sol
512 2250 650 2326 excoquit
672 2249 795 2308 etfacit
817 2258 881 2328 are,

141 2347 171 2400 at
193 2339 317 2418 glaciem
340 2335 474 2397 dissolvit
496 2343 527 2396 et
548 2335 614 2397 altis
637 2335 788 2396 montibus
810 2337 883 2398 altas

141 2434 349 2504 extructasque
371 2426 455 2485 nives
477 2424 569 2485 radiis
591 2423 744 2485 tabescere
768 2427 858 2503 cogit:

63 2523 124 2578 965
141 2517 269 2593 denique
292 2532 360 2575 cera
383 2512 497 2592 liquefit
518 2515 550 2574 in
573 2515 637 2573 eius
659 2519 743 2593 posta
766 2531 881 2592 vapore.
1038 2534 1077 2575 555

140 2607 218 2684 ignis
240 2606 313 2663 item
336 2601 481 2680 liquidum
504 2601 574 2662 lacit
596 2619 646 2662 aes
670 2620 832 2681 aurumque
855 2600 989 2682 resolvit,

65 2711 123 2762 960
141 2699 172 2752 at
193 2693 274 2752 coria
296 2697 327 2751 et
349 2708 468 2751 carnem
490 2689 581 2750 trahit
603 2696 633 2750 et
656 2689 794 2750 conducit
816 2693 847 2750 in
870 2707 970 2749 unum.

141 2799 227 2841 umor
250 2797 343 2864 aquae
365 2795 454 2858 porro
477 2779 590 2839 ferrum
612 2778 756 2840 condurat
778 2777 814 2838 ab
837 2780 912 2858 igni,

141 2876 171 2930 at
194 2870 274 2928 coria
297 2874 327 2928 ct
349 2884 469 2927 carnem
491 2865 586 2927 mollit
609 2865 841 2950 duratatcalore.
1111 2928 1119 2945 f

65 2967 126 3020 970
140 2955 313 3034 barbigeras
336 2954 462 3015 oleaster
486 2973 520 3015 eo
543 2957 741 3033 iuratusque
764 2953 903 3034 capellas,v
1038 2976 1078 3016 oro

141 3044 242 3106 aflluat
264 3043 410 3105 ambrosia
433 3045 518 3121 quasi
540 3061 624 3123 vero,
647 3050 677 3103 et
699 3050 818 3104 nectare
840 3045 964 3123 tinctus3

68 3151 199 3213 sesqua
220 3132 263 3193 nil
286 3139 332 3192 est
353 3131 468 3191 homini
490 3131 567 3210 quod
591 3131 711 3192 amariu’
734 3131 869 3191 frondeat
891 3149 966 3192 esca.

140 3223 269 3300 denique
293 3221 491 3280 amaracinum
514 3220 620 3298 fugitat
642 3238 694 3280 sus
717 3227 747 3280 et
768 3222 854 3280 timet
876 3237 963 3279 omno

139 3316 315 3389 ungentum:
338 3324 407 3368 nam
430 3309 584 3385 saetigeris
608 3307 701 3368 subus
723 3327 790 3368 acro
813 3314 1001 3388 venenumst3

67 3406 125 3460 975
141 3398 219 3477 quod
242 3415 297 3457 nos
320 3395 469 3457 interdum
491 3402 642 3475 tamquam
664 3414 799 3457 recreare
822 3397 947 3457 videtur.
1037 3416 1077 3457 ora

141 3494 170 3546 at
193 3492 295 3546 contra
317 3483 403 3545 nobis
426 3502 550 3544 caenum
572 3486 743 3546 taeterrima
765 3505 833 3547 cnm
856 3487 896 3546 sit
