2484 3800
143 138 186 201 74
626 134 665 187 111

212 282 283 344 illud
306 285 338 343 in
360 282 407 342 his
430 280 519 342 rebus
541 281 643 342 videor
665 282 782 342 firmare
805 286 937 360 potesse,

142 388 195 439 320
213 389 307 450 usque
331 370 403 432 adeo
425 377 597 430 naturarum
618 372 742 447 vestigia
764 368 859 446 linqui

213 458 343 539 parvola,
366 476 441 536 quae
463 465 590 536 nequeat
611 459 687 519 ratio
710 455 857 535 depellere
881 456 989 535 doctiS,

213 554 247 608 ut
269 546 312 606 nil
334 545 465 625 inpediat
487 546 605 624 dignam
628 546 674 606 dis
697 544 804 623 degere
827 546 924 604 vitam.

256 634 335 696 llaec
357 636 448 712 igitur
469 640 573 694 natura
595 641 714 694 tenetur
736 651 858 711 corpore
881 632 917 692 ab
941 631 1034 712 omni,

214 725 336 802 ipsaque
359 724 493 801 corporis
515 729 561 791 est
583 727 682 782 custos
706 728 734 781 et
760 738 847 781 causa
870 719 987 780 salutis:

143 828 195 879 325
213 829 282 871 nam
304 809 509 872 communibus
531 812 610 870 inter
633 828 664 870 se
687 808 835 869 radicibus
857 809 993 888 haerent,

214 918 269 961 nec
291 902 355 960 sine
377 900 508 977 pernicie
531 896 631 958 divelli
653 915 740 977 posse
762 897 907 957 videntur.

214 987 293 1066 quod
315 1005 408 1065 genus
431 1004 447 1046 e
469 985 565 1046 thuris
588 984 699 1064 glaebis
722 984 846 1046 evellere
870 984 992 1044 odorem

214 1075 291 1136 haud
314 1074 441 1154 facilest,
464 1076 537 1153 quin
559 1076 685 1134 intereat
706 1080 811 1134 natura
834 1090 951 1152 quoque
974 1074 1048 1132 eius,

215 1166 258 1224 sic
280 1165 377 1223 animi·
393 1170 480 1241 atque
503 1164 616 1222 animae
639 1168 774 1221 naturam
797 1179 920 1240 corpore
944 1166 1006 1221 toto

144 1268 196 1318 aaa
215 1251 370 1311 extrahere
391 1250 462 1311 haut
483 1248 610 1330 facilest,
634 1252 705 1328 quin
729 1252 826 1309 omnia
849 1247 1057 1309 dissoluantur.

215 1339 340 1417 inplexis
363 1341 403 1399 ita
426 1340 580 1417 principiis
603 1337 639 1397 ah
663 1339 775 1415 origine
798 1339 892 1417 prima

215 1429 294 1487 inter
316 1445 349 1487 se
371 1427 446 1486 fiunt
468 1427 599 1486 consorti
620 1425 753 1505 praedita
775 1427 847 1505 vita,

214 1532 271 1575 nec
293 1514 351 1574 sibi
373 1532 505 1593 quaeque
529 1516 594 1574 sine
616 1513 738 1573 alterius
756 1516 786 1574 ri
807 1532 895 1592 posse
918 1513 1035 1573 ridetur

215 1604 348 1681 corporis
371 1609 458 1679 atque
482 1603 571 1662 animi
594 1619 728 1662 seorsum
752 1603 863 1661 sentire
885 1608 1030 1681 potestas,

145 1707 197 1756 335
215 1690 268 1749 sed
290 1688 495 1750 communibus
517 1692 667 1750 intereas
691 1690 834 1749 conflatur
855 1692 1005 1767 utrimque

215 1775 343 1837 motibus
366 1794 507 1837 accensus
529 1775 615 1837 nobis
637 1796 692 1856 per
713 1780 826 1837 viscera
849 1794 962 1837 sensus.

258 1858 268 1949 ll
280 1863 435 1925 Praeterea
457 1882 564 1944 corpus
587 1883 641 1945 per
664 1883 695 1926 33
717 1883 772 1926 333
795 1867 926 1944 gignitur
947 1882 1089 1944 umquam

215 1973 271 2014 nec
293 1955 401 2014 crescit
423 1971 518 2031 neque
540 1961 608 2032 post
630 1961 755 2014 mortem
778 1953 885 2014 dirrare
907 1953 1033 2014 videtur.

216 2044 385 2124 nonenim,
408 2049 441 2102 ut
463 2059 549 2101 umor
571 2060 663 2120 aquae
686 2041 807 2102 dimittit
830 2060 916 2120 saepe
940 2059 1094 2123 vaporem,

146 2145 198 2195 340
217 2131 267 2208 qui
291 2128 375 2191 datus
397 2137 455 2211 est,
477 2147 574 2208 neque
598 2147 632 2188 ea
655 2147 742 2189 causa
765 2128 938 2190 convellitur
962 2132 1041 2212 ipse,
1135 2139 1137 2142 ’

217 2217 269 2278 sed
291 2224 390 2277 manet
411 2217 580 2297 incolumis,
602 2234 675 2297 non,
697 2219 830 2297 inquam,
854 2219 897 2277 sic
919 2219 1030 2278 animai

216 2304 374 2366 discidium
396 2313 520 2383 possunt
542 2312 624 2365 artus
646 2304 778 2383 perferre
801 2303 911 2384 relicti,
955 2373 956 2376 Ἴ

217 2393 268 2452 sed
291 2394 410 2471 penitus
431 2400 556 2470 pereunt
578 2391 711 2452 convulsi
734 2410 849 2470 conque
871 2399 1058 2472 putrescunt

216 2499 252 2540 ex
275 2482 396 2541 ineunte
419 2497 489 2539 aevo
512 2483 555 2540 sic
577 2481 712 2559 corporis
735 2487 821 2559 atque
845 2482 954 2540 animai

147 2584 198 2634 345
216 2575 317 2628 mutua
339 2565 435 2627 vitalis
459 2567 575 2627 discunt
597 2569 730 2645 contagia
752 2575 862 2649 motuS,

216 2657 358 2715 maternis
381 2656 469 2714 etiam
492 2655 631 2714 membris
655 2655 776 2733 alvoque
799 2663 931 2737 reposta,

216 2742 372 2802 discidium
394 2743 431 2802 ut
450 2749 577 2820 nequeat
598 2743 664 2803 fieri
687 2745 751 2803 sine
774 2751 859 2822 peste
882 2743 1032 2826 maloque,

216 2836 251 2888 ut
270 2829 383 2910 videas,
407 2832 545 2907 quoniam
567 2832 751 2890 coniunctast
774 2849 861 2891 causa
885 2831 1001 2913 salutis,

216 2918 403 2976 coniunctam
426 2934 541 2994 quoque
564 2923 697 2977 naturam
720 2921 883 2980 consistere
907 2919 1049 2999 eorumll

146 3018 198 3069 350
260 3003 345 3074 Quod
368 3021 458 3082 super
481 3011 539 3084 est,
562 3006 655 3082 siquis
678 3023 785 3084 corpus
808 3010 921 3068 sentire
943 3008 1055 3070 refutat

216 3096 303 3168 atque
326 3092 453 3150 animam
476 3091 570 3151 credit
592 3094 767 3170 permixtam
790 3111 914 3173 corpore
937 3101 1000 3155 toto

150 3206 153 3211 ,
216 3180 367 3256 suscipere
390 3177 468 3238 huno
491 3185 603 3239 motum
627 3198 713 3258 quem
737 3199 858 3242 sensum
879 3185 1113 3268 nominitamus,

217 3263 263 3324 vel
284 3264 454 3324 manifestas
476 3283 525 3326 res
549 3274 651 3328 contra
672 3287 815 3346 verasque
837 3279 992 3350 repugnat.

217 3351 288 3429 quid
312 3353 352 3411 sit
373 3353 453 3410 onim
476 3371 583 3432 corpus
606 3358 716 3416 sentire
741 3357 812 3435 quid
835 3359 949 3420 adferet
971 3380 1132 3444 umquam,

147 3441 245 3504 33531
266 3457 326 3498 non
349 3440 413 3515 ipsa
435 3437 530 3516 palam
554 3443 631 3519 quod
654 3461 702 3503 res
726 3444 807 3506 dedit
830 3464 863 3507 ac
887 3447 988 3509 docuit
1010 3448 1093 3514 nos?
