2484 3800
175 163 219 228 90
655 163 697 217 ΠΙ

175 325 227 375 900
245 309 408 370 dissoluant
430 311 520 370 animi
541 328 647 388 magno
671 328 703 370 se
725 327 834 388 angore
855 317 1005 388 metuque.

666 417 683 455 ss

143 495 146 499 ’
247 480 290 546 ‘tu
314 485 432 563 quidem
454 493 488 546 01
510 504 543 546 00
564 485 624 546 1010
648 487 774 567 sopitus,
797 488 840 547 sic
863 488 923 546 eris
946 487 1011 546 aeri

247 572 324 652 qnod
348 591 437 652 super
459 580 505 634 001
527 575 641 634 0000110
663 574 786 652 privatu'
809 573 961 634 doloribus
984 573 1091 650 aegris:
1142 590 1183 631 000

246 668 276 721 01
297 678 352 720 000
373 662 513 722 horrifico
535 661 711 722 cinefactum
733 669 763 723 10
786 680 877 740 prope
900 660 988 723 busto

176 764 231 816 905
246 748 452 810 insatiabiliter
474 750 660 830 dederimus,
682 757 893 829 aeternumque

177 852 228 902 905
246 835 325 898 00110
348 836 411 897 0100
433 836 519 897 nobis
541 856 689 898 merorem
713 856 730 898 e
751 845 871 916 pectore
895 831 1014 898 demet'

246 924 318 985 illud
341 924 377 985 ab
399 925 456 986 boc
477 927 568 1003 igitur
590 926 833 1006 quaerendumst‚
856 926 927 1004 quid
951 927 990 985 011
1013 924 1104 984 amari

244 1020 326 1073 tanto
345 1031 443 1094 opere,
460 1013 496 1073 ad
515 1031 652 1073 somnum
670 1016 696 1073 si
718 1032 767 1075 res
785 1015 863 1075 redit
880 1023 968 1092 atque
988 1014 1125 1091 quietem,
1141 1032 1182 1073 sm

246 1120 300 1162 cur
322 1103 477 1179 quisquam
499 1109 620 1162 aeterno
643 1104 738 1180 possit
760 1101 912 1162 tabescere
934 1100 1025 1161 10010.

177 1204 231 1256 910
290 1182 300 1272 ll
313 1188 375 1250 Hoc
398 1192 486 1249 etiam
508 1189 619 1249 iaciunt
641 1189 693 1249 nbi
716 1189 892 1250 discubuere
914 1195 1075 1267 tenentque

176 1293 228 1342 910
246 1276 350 1357 000010
373 1295 460 1356 saepe
481 1277 616 1338 homines
640 1285 670 1337 et
691 1277 862 1339 inumbrant
884 1296 935 1337 ora
958 1278 1091 1356 coronis,

246 1383 282 1425 ex
310 1366 407 1425 animo
434 1372 467 1425 01
489 1365 589 1425 dicant
615 1362 725 1425 ‘brevis
750 1366 800 1426 hic
823 1372 869 1425 est
890 1365 1005 1425 fructus
1029 1362 1180 1425 homullis:

246 1455 305 1513 iam
327 1453 429 1533 luerit,
450 1471 547 1531 neque
570 1459 638 1532 0001
659 1471 799 1532 umquam
821 1471 960 1514 revocare
983 1449 1106 1513 licebit'
1140 1473 1181 1514 00

246 1547 395 1618 tamquam
417 1543 450 1600 in
470 1548 565 1601 morte
587 1540 658 1601 mali
680 1559 748 1603 cum
770 1542 875 1620 primis
896 1542 953 1601 hoc
976 1542 1016 1601 sit
1039 1558 1154 1620 eorum,

176 1643 231 1693 915
247 1628 325 1706 quod
349 1630 414 1688 sitis
437 1636 540 1689 exurat
561 1631 687 1689 miseros
709 1636 797 1708 atque
821 1629 902 1690 arida
924 1635 1031 1710 torret,

177 1730 229 1779 915
247 1721 298 1775 001
319 1714 393 1775 01100
416 1718 500 1777 00100
523 1716 704 1777 desiderium
727 1717 854 1777 insideat
875 1718 928 1777 rei.
945 1715 957 1795 ΙΙ

247 1820 303 1863 nee
326 1802 383 1863 sibi
405 1805 485 1863 enim
508 1806 663 1883 quisquam
685 1811 749 1865 tnm
772 1823 804 1865 00
827 1807 975 1884 vitamque
997 1806 1139 1885 requirit,

248 1909 315 1952 eum
337 1892 449 1970 pariter
469 1909 553 1953 mens
576 1899 606 1954 et
629 1911 736 1972 corpus
759 1895 854 1973 sopita
877 1895 1047 1973 quiescunt:
1144 1916 1182 1956 000

247 1997 315 2040 nam
337 1979 407 2040 lieet
429 1987 581 2042 aeternum
602 2000 657 2060 per
679 1999 734 2042 nos
757 1983 800 2042 sie
822 1999 888 2042 esse
911 1999 1063 2061 soporem,

177 2083 301 2135 920nee
324 2067 504 2128 desiderium
525 2071 620 2129 nostri
643 2087 697 2129 nos
720 2069 819 2130 adficit
840 2069 946 2129 ullum:

177 2172 229 2221 910
247 2163 277 2216 01
299 2162 396 2216 tamen
418 2155 496 2217 haud
519 2175 665 2235 quaquam
688 2164 805 2217 nostms
828 2155 970 2218 10001110
992 2175 1048 2236 per
1072 2165 1155 2218 artus

246 2242 333 2322 longe
356 2243 392 2304 ab
416 2244 568 2304 sensiferis
590 2245 751 2323 primordia
773 2243 904 2306 motibus
927 2252 1040 2325 errant,

247 2349 314 2392 cum
337 2339 490 2411 correptus
513 2331 600 2391 homo
624 2350 660 2392 ex
683 2350 786 2392 somno
810 2351 841 2392 se
865 2331 982 2411 colligat
1004 2335 1080 2412 ipse.
1144 2357 1182 2396 005

246 2418 338 2480 multo
366 2421 457 2497 igitur
483 2426 608 2480 mortem
629 2422 729 2480 minus
752 2421 787 2481 ad
810 2439 865 2480 nos
887 2439 953 2480 esse
976 2421 1182 2502 putandumst3

176 2509 395 2573 0000101000
418 2524 483 2567 esse
506 2514 603 2586 001001
626 2526 714 2585 quam
736 2508 814 2587 quod
837 2507 879 2568 nil
902 2526 968 2568 esse
990 2508 1141 2570 videmus:

177 2596 441 2659 9950010000101
464 2594 550 2654 turba
572 2603 603 2655 01
625 2595 766 2656 disiectus
788 2598 923 2655 materiai

247 2684 438 2759 consequitur
460 2681 533 2762 1010,
554 2701 609 2743 000
633 2685 788 2762 qnisquam
811 2686 981 2762 expergitus
1004 2691 1099 2764 extat,

247 2769 351 2847 frigida
375 2787 462 2848 quem
485 2769 577 2830 semel
599 2781 646 2830 est
667 2773 737 2832 vitai
759 2789 850 2850 pausa
873 2779 981 2832 secuta.
1142 2795 1184 2836 000

290 2856 422 2935 Denique
446 2859 472 2916 si
494 2876 596 2918 vocem
618 2875 719 2919 rerum
742 2866 845 2919 natura
867 2866 990 2938 repente

176 2958 232 3009 930
245 2946 342 3004 mittat
364 2951 394 3004 et
415 2945 471 3004 hoe
494 2945 582 3005 alieni
603 2954 738 3006 nostrum
762 2948 805 3006 sic
827 2949 962 3027 increpet
983 2949 1062 3027 ipsa,

176 3047 227 3096 990
247 3028 329 3109 ‘quid
356 3031 411 3091 tibi
435 3039 516 3092 tanto
539 3040 670 3113 operest,
697 3033 842 3114 mortalis,
870 3034 947 3112 quod
971 3037 1061 3095 nimis
1085 3039 1184 3114 aegris

246 3117 375 3178 luctibus
397 3117 553 3197 indulges?
587 3121 659 3199 quid
681 3128 807 3181 mortem
831 3124 981 3200 congemis
1004 3140 1038 3183 00
1062 3121 1140 3184 iles?

245 3223 312 3265 nam
337 3207 363 3265 si
385 3213 466 3282 grata
489 3207 544 3268 suit
566 3208 621 3269 tibi
643 3211 703 3269 vita
725 3216 792 3270 ante
815 3216 878 3270 acta
900 3212 1057 3291 priorque,
1144 3235 1184 3276 sas

246 3299 276 3353 et
298 3310 358 3352 non
380 3295 476 3355 omnia
499 3303 653 3373 pertusum
675 3303 813 3376 congesta
837 3299 921 3376 quasi
943 3301 974 3358 in
995 3317 1048 3360 vas

174 3395 228 3447 935
246 3379 398 3441 commoda
419 3381 585 3459 perduxere
608 3393 695 3464 atque
718 3387 832 3464 ingrata
854 3388 1010 3468 interiere,

175 3483 299 3534 sedeur
321 3486 380 3528 non
404 3474 436 3527 01
457 3467 563 3546 010000
584 3475 661 3534 vitae
684 3475 804 3534 conviva
827 3474 944 3535 recedis
