2484 3800
581 159 606 214 V
1029 158 1092 223 133

138 324 196 366 nec
219 324 307 385 posse
330 305 486 367 incolumis
509 324 647 385 magnum
670 304 777 367 durare
799 324 853 385 per
876 323 990 388 aevom,

141 394 195 454 sed
218 393 375 455 simulacra
399 394 493 454 solere
516 396 547 454 in
571 396 682 454 somnis
705 394 805 454 fallere
827 402 970 476 mentem,

141 500 266 543 cernere
289 500 358 543 cum
379 482 531 543 videamur
554 500 621 543 eum
645 500 732 561 quem
756 484 814 541 vita
836 482 970 564 reliquit,

143 570 222 649 quod
246 577 393 650 superest,
417 588 494 631 nuuc
517 570 574 632 huc
597 572 721 631 rationis
744 569 849 630 detulit
871 571 957 653 ordo,

88 674 122 723 65
142 666 177 719 ut
199 659 272 718 mihi
294 657 412 719 mortali
434 660 596 719 consistere
620 677 744 737 corpore
766 657 909 718 mundum

142 748 330 825 nativomque
354 746 441 807 simul
464 749 538 807 ratio
561 746 713 808 reddunda
737 748 775 807 sit
797 764 877 827 esse3

144 842 175 895 et
198 834 305 913 qrribus
318 833 376 907 tlte
399 835 495 895 modis
518 853 694 913 congressus
716 836 851 895 materiai

143 923 276 983 lundarit
297 929 406 982 terram
429 922 542 984 caelum
563 940 645 983 mare
669 922 765 983 sidera
788 922 880 982 solem

144 1010 283 1089 lunaique
307 1009 437 1091 globum3
460 1018 523 1071 tum
547 1029 620 1089 quae
643 1010 749 1071 tellure
774 1013 937 1071 animantes

92 1115 126 1165 'to
145 1100 310 1179 extiterint,
334 1106 363 1159 et
387 1117 460 1176 quae
483 1098 564 1159 nullo
588 1101 649 1159 sint
670 1105 802 1178 tempore
825 1106 923 1178 natae;

145 1204 238 1266 quove
262 1185 348 1248 modo
372 1204 465 1264 genus
487 1187 648 1247 humanum
670 1189 800 1247 variante
823 1185 949 1265 loquella

144 1277 277 1354 coeperit
298 1276 377 1335 inter
400 1292 432 1335 se
454 1277 534 1335 vesci
556 1293 610 1354 per
633 1277 752 1335 nomina
774 1291 886 1354 rerum3

145 1370 175 1425 et
199 1362 305 1441 quibus
324 1362 373 1422 ille
396 1362 491 1423 modis
515 1363 612 1424 divom
635 1370 731 1423 metus
754 1364 912 1422 insinuarit

143 1458 277 1531 pectora,
300 1457 447 1511 terrarum
469 1453 520 1529 qui
543 1453 574 1511 in
596 1449 663 1510 orbi
685 1458 784 1511 sancta
807 1456 907 1511 tuetur

93 1554 125 1603 75
145 1540 212 1600 iana
234 1537 315 1599 lacus
337 1538 420 1599 lucos
443 1556 508 1599 aras
532 1537 745 1617 simulacraque
768 1538 873 1599 divom.

144 1635 298 1707 praeterea
321 1626 391 1687 solis
415 1644 519 1687 cursus
541 1625 686 1705 lunaeque
709 1633 822 1687 meatus

146 1715 300 1794 expediam
323 1733 380 1793 qua
401 1716 431 1773 vi
452 1715 551 1775 flectat
572 1722 677 1775 natura
699 1714 879 1795 gubernans,

146 1822 184 1864 ne
207 1804 283 1863 forte
304 1802 377 1863 haec
399 1805 478 1863 inter
500 1802 614 1863 caelum
636 1809 803 1882 terramque
827 1821 945 1864 reamur

145 1891 239 1952 libera
262 1897 364 1970 sponte
388 1909 569 1952 succursus
592 1890 717 1953 lustrare
739 1894 892 1972 perennis,

92 1997 126 2048 80
146 1982 294 2058 morigera
315 1980 352 2040 ad
374 1981 474 2058 fruges
497 1979 645 2058 augendas
668 1987 754 2058 atque
777 1983 946 2061 animantis,

146 2086 221 2130 nere
243 2068 340 2146 aliqua
363 2067 460 2128 divom
482 2067 558 2128 volvi
579 2070 693 2128 ratione
715 2074 861 2145 putemus.

146 2175 216 2217 nam
238 2155 313 2218 hene
336 2158 388 2234 qui
409 2155 539 2216 didicere
562 2155 634 2216 deos
657 2173 794 2215 securum
817 2173 903 2233 agere
926 2173 1040 2236 aevom,

148 2247 175 2305 si
196 2251 295 2306 umen
317 2246 430 2304 interea
452 2246 597 2304 mirantur
620 2261 680 2321 qua
700 2245 813 2303 ratione

149 2350 281 2412 quaeque
304 2334 368 2410 geri
389 2334 517 2412 possint,
539 2333 715 2410 praesertim
737 2329 827 2391 rebus
849 2332 881 2390 in
903 2330 961 2391 illis

92 2437 128 2488 85
148 2439 223 2500 quac
246 2438 352 2499 supera
374 2427 461 2498 caput
483 2419 622 2480 aetheriis
646 2425 807 2479 cernuntur
829 2415 861 2478 in‘
884 2421 958 2501 oris,

147 2526 252 2570 rursus
274 2511 306 2568 in
328 2510 462 2586 antiquas
484 2508 654 2567 referuntur
677 2507 847 2587 religiones,

149 2604 179 2657 et
201 2596 335 2656 dominos
358 2598 434 2656 acris
457 2595 638 2676 adsciscunt,
660 2597 757 2655 omnia
779 2613 866 2674 posse

149 2702 223 2766 qnos
245 2686 347 2744 miseri
370 2683 506 2764 credunt,
529 2686 624 2762 ignari
647 2683 718 2762 quid
741 2690 828 2762 queat
852 2700 931 2763 esse,

149 2772 221 2852 quid
242 2779 381 2852 nequeat,
404 2772 486 2831 finita
508 2779 638 2850 potestas
662 2771 789 2851 denique
812 2773 919 2849 cuique

92 2878 129 2928 90
149 2878 274 2940 quanm]
297 2862 337 2921 sit
358 2862 471 2920 ratione
495 2866 581 2938 atque
605 2859 661 2919 alte
685 2862 829 2920 terminus
851 2859 984 2919 haerens.

192 2947 277 3019 Quod
299 2954 447 3028 superest,
469 2966 506 3008 nc
529 2955 558 3008 tc
581 2949 613 3008 in
635 2951 790 3026 promissis
813 2947 898 3026 plura
921 2965 1081 3029 moremur,

147 3038 293 3115 principio
316 3039 408 3096 maria
431 3055 464 3097 ac
486 3043 581 3096 terras
604 3034 775 3114 caelumque
798 3042 896 3116 tuere,

148 3143 274 3204 quorum
296 3132 431 3185 naturam
453 3123 613 3203 triplicem,
636 3125 693 3182 tria
716 3141 852 3203 corpora,
874 3121 1005 3203 Memmi,

147 3215 202 3273 tris
226 3215 341 3291 species
363 3220 423 3273 tam
446 3211 611 3290 dissimilis,
634 3213 691 3270 tria
712 3210 781 3270 talia
803 3218 896 3291 texta,

91 3318 127 3368 95
147 3318 205 3361 una
228 3301 292 3361 dies
315 3300 395 3361 dabit
417 3302 520 3380 exitio,
543 3298 709 3377 multosque
732 3317 786 3377 per
809 3316 900 3358 annos

148 3395 309 3450 sustentata
331 3396 399 3449 ruet
419 3387 513 3448 moles
537 3394 566 3448 et
588 3387 722 3447 machina
745 3386 855 3446 mundi.

146 3496 202 3538 nec
224 3495 272 3538 me
295 3479 386 3538 animi
409 3476 482 3536 lallit
505 3494 592 3554 quam
615 3494 664 3536 res
686 3493 761 3535 nova
784 3476 916 3553 miraque
939 3475 1033 3533 menti
