2484 3800
541 157 580 211 Vi
998 157 1061 221 179

59 312 115 363 280
132 303 294 365 mobilitate
318 302 449 385 calescit,
472 311 502 364 et
524 322 540 365 e
564 304 736 383 contagibus
758 308 844 384 ignis.
1022 328 1062 368 oso

129 392 197 453 inde
220 392 272 453 nbi
294 391 436 470 percaluit
458 394 538 453 venti
559 394 603 452 vis
627 399 658 452 et
679 395 776 471 gravis
798 396 875 472 ignis

130 484 258 560 impetus
281 482 416 562 incessit,
439 486 586 541 maturum
608 488 672 540 tum
694 484 778 559 quasi
800 481 911 543 fulmen

131 568 296 648 perscindit
318 568 415 629 subito
438 567 560 649 nubem,
582 569 734 647 ferturque
757 572 889 630 coruscis

59 674 112 724 280
132 659 230 718 omnia
253 655 414 717 luminibus
436 654 565 717 lustrans
588 656 652 717 loca
673 658 805 735 percitus
827 657 922 718 ardor.

59 751 117 803 285
129 763 217 825 quem
240 746 336 823 gravis
359 746 527 823 insequitur
549 746 676 826 sonitus,
699 745 828 824 displosa
851 753 973 824 repente
1022 767 1061 809 aas

131 832 256 894 obruere
278 839 313 893 ut
334 831 409 893 caeli
430 832 583 893 videantur
604 832 714 911 templa
736 851 872 912 superne.

131 921 199 981 inde
222 928 334 981 trenmr
355 927 450 980 terras
473 923 600 998 graviter
622 927 811 1002 pertemptat,
835 928 864 981 et
886 921 977 982 altum

131 1026 281 1069 murmura
303 1015 481 1087 percurrrmt
503 1008 630 1069 caelum:
652 1027 720 1069 nam
741 1016 802 1070 tota
825 1010 887 1069 lere
910 1016 972 1069 tum

59 1114 112 1164 285
130 1103 289 1176 tempestas
312 1114 454 1157 concussa
475 1098 576 1157 tremit
597 1097 792 1176 fremitusque
815 1104 977 1157 moventur.

56 1192 115 1244 290
130 1203 188 1264 quo
212 1185 247 1245 de
271 1202 418 1245 concussu
439 1186 574 1263 sequitur
595 1186 692 1263 gravis
714 1185 809 1245 imber
831 1192 861 1246 et
883 1185 969 1266 uber,
1022 1208 1061 1248 roo

131 1274 226 1334 omnis
248 1274 292 1332 uti
313 1272 446 1333 videatur
468 1274 499 1332 in
521 1271 647 1333 imbrem
669 1275 780 1333 vertier
802 1273 903 1334 aether

131 1368 217 1440 atque
240 1362 281 1420 ita
302 1362 499 1439 praecipitans
522 1361 558 1421 ad
581 1360 720 1421 diluviem
742 1379 880 1422 revocare

551 1467 570 1507 ss

130 1544 228 1597 tantus
251 1536 376 1597 discidio
398 1535 486 1597 nubis
508 1538 646 1615 ventique
669 1537 798 1617 procella

56 1644 112 1693 290
131 1627 269 1705 mittitur,
293 1624 408 1685 ardenti
430 1626 543 1685 sonitus
567 1643 635 1685 cum
656 1624 789 1705 provolat
809 1627 879 1686 ictu.
969 1637 974 1647 “

55 1722 117 1775 295
130 1720 175 1773 est
196 1714 284 1773 etiam
307 1730 374 1772 cum
396 1714 440 1773 vis
464 1714 647 1774 extrinsecus
670 1716 761 1774 incita
781 1716 862 1775 venti
1021 1735 1059 1776 aec

130 1800 234 1861 incidit
255 1803 288 1859 in
310 1800 433 1861 calidam
455 1808 570 1861 maturo
592 1801 715 1862 lulmine
736 1801 860 1882 nubem3

131 1908 218 1969 quam
241 1907 308 1950 cum
330 1888 485 1970 perscidit,
508 1889 654 1969 extemplo
677 1890 755 1951 cadit
777 1893 881 1969 igneus
904 1889 953 1951 ille

129 1985 243 2057 vertex,
265 1995 353 2055 quem
375 1979 470 2055 patrio
492 1980 653 2039 vocitamus
677 1980 795 2038 nomine
818 1978 937 2039 lulmen.

54 2083 111 2134 neo
129 2066 185 2126 hoc
208 2066 241 2125 fit
262 2065 340 2126 idem
363 2067 395 2124 in
417 2067 510 2144 partis
533 2064 618 2145 aliae,
641 2083 825 2145 quocumque
849 2065 916 2127 tulit
937 2069 990 2126 vis.

53 2163 114 2216 300
129 2155 162 2214 lit
184 2171 300 2231 quoque
323 2160 357 2214 ut
378 2152 526 2212 interdum
548 2155 628 2212 venti
650 2155 694 2212 vis
716 2155 807 2213 missa
829 2155 894 2213 sine
916 2156 978 2231 igni
1020 2177 1060 2217 eoo

128 2243 254 2321 igniscat
275 2249 373 2301 tamen
396 2242 428 2299 in
450 2241 544 2318 spatio
566 2238 712 2318 longoque
737 2247 848 2321 meatu,

129 2330 200 2390 dum
222 2331 302 2390 venit
324 2331 461 2389 amittens
483 2329 515 2387 in
538 2345 627 2388 cursu
650 2344 773 2406 corpora
796 2328 938 2406 quaedam

129 2417 263 2497 grandia,
286 2435 359 2495 quae
382 2422 533 2494 nequeunt
554 2417 666 2494 pariter
687 2423 842 2494 penetrare
865 2435 920 2495 per
943 2435 1041 2499 auras,
1118 2411 1120 2419 ’

53 2526 109 2578 300
128 2513 216 2584 atque
239 2505 295 2566 alia
318 2524 354 2565 ex
377 2506 442 2584 ipso
465 2503 629 2565 conradens
651 2508 719 2564 aere
741 2511 839 2582 portat
1118 2512 1120 2523 '

51 2603 111 2658 305
127 2593 259 2673 parvola,
282 2610 356 2672 quae
379 2593 490 2654 faciunt
512 2594 610 2671 ignem
634 2594 791 2653 commixta
812 2590 948 2673 volando;
1020 2615 1060 2656 sos
1116 2591 1120 2664 ,³

128 2699 189 2742 non
212 2680 267 2741 alia
290 2681 375 2759 longe
390 2683 512 2742 racione
535 2699 568 2741 ac
590 2679 727 2760 plumbea
750 2699 837 2759 saepe

128 2769 239 2830 lervida
261 2770 294 2829 fit
316 2768 397 2847 glans
420 2770 452 2828 in
475 2787 577 2850 ceusu,
600 2787 667 2829 cum
690 2767 781 2829 multa
802 2770 910 2846 rigoris

128 2875 252 2936 corpora
274 2857 425 2917 dimittens
448 2859 547 2934 ignem
570 2859 706 2936 concepit
728 2858 759 2916 in
782 2859 869 2916 auris

49 2947 161 3019 305s1t
184 2963 301 3024 quoqne
323 2951 356 3005 ut
377 2947 472 3023 ipsius
494 2944 595 3023 plagae
618 2947 663 3005 vis
686 2946 795 3005 excitet
817 2947 928 3025 ignem,

48 3050 109 3100 310
126 3033 234 3111 frigida
256 3051 323 3094 cum
346 3035 426 3092 venti
443 3031 556 3111 pepulit
578 3035 621 3092 vis
644 3035 736 3094 missa
758 3035 822 3092 sine
845 3034 920 3113 igni,
1020 3054 1060 3095 sao

125 3123 281 3202 nimirum,
304 3123 387 3201 quia,
409 3138 478 3180 cum
498 3122 627 3181 vementi
648 3120 776 3199 perculit
797 3123 872 3201 ictu,

126 3210 277 3271 conlluere
300 3227 337 3269 ex
359 3210 423 3286 ipso
446 3215 572 3286 possunt
595 3195 739 3269 eleme‘nta
761 3211 891 3288 vaporis,

125 3305 157 3358 et
180 3297 268 3358 simul
290 3315 326 3357 ex
349 3295 399 3356 illa
423 3313 496 3373 quae
519 3301 583 3355 tum
605 3313 654 3355 res
678 3297 787 3373 excipit
809 3298 913 3376 ictum3

43 3403 104 3455 310
124 3395 173 3467 ut,
194 3385 321 3464 lapidem
343 3385 423 3445 lerro
446 3401 513 3444 cum
537 3383 699 3464 caedimus,
722 3382 816 3443 evolat
838 3386 928 3465 ignis,

41 3484 106 3536 315
123 3493 194 3557 nec,
218 3473 296 3552 quod
318 3472 423 3551 frigida
445 3473 490 3531 vis
512 3471 626 3553 lerrist,
639 3467 704 3531 'hoc
727 3473 820 3531 setius
841 3471 887 3532 illi
1020 3493 1058 3534 uc

795 3572 847 3624 12*
