2484 3800
145 184 210 250 152
516 162 518 171 ’
630 184 657 239 v

144 350 197 401 333
217 332 294 412 quod
317 332 415 403 radios
438 334 635 411 interrumpat
657 330 814 411 lumenque
837 329 1013 411 profusum?

146 430 201 481 766
215 428 245 482 et
267 428 365 481 tamen
388 422 453 500 ipsa
475 438 528 481 suo
552 422 579 480 31
600 419 693 498 fulget
715 419 784 480 luna
806 422 915 501 nitore,

217 527 270 570 eur
292 515 420 587 nequeat
443 516 523 569 certa
545 507 649 569 mundi
670 507 861 587 languescere
884 517 982 590 parte,

217 597 286 657 dum
309 596 373 657 loca
395 595 557 658 luminibus
580 597 709 676 propriis
732 598 852 657 inimica
873 615 928 676 per
951 594 1034 658 exit?
1112 620 1157 661 333

261 684 345 756 Quod
363 692 508 765 superest,
526 686 665 763 quoniam
683 687 782 762 magni
795 703 850 764 per
863 685 979 746 caerula
992 686 1099 747 mundi
1112 710 1156 749 333

147 791 198 841 733
217 792 274 853 qua
296 775 362 833 lieri
385 772 523 852 quicquid
546 779 649 851 posset
670 774 785 833 ratione
808 773 929 854 resolvi,

147 869 200 920 771
219 862 289 922 33113
312 864 357 923 uti
378 864 475 921 varios
499 878 604 922 cursus
627 860 772 939 lunaeque
794 868 908 922 meatus

217 966 340 1011 noscere
362 966 517 1029 possemus
540 967 614 1028 quae
637 951 683 1009 vis
705 955 736 1009 et
758 967 846 1010 eausa
868 952 973 1030 cieret,
1111 971 1154 1011 335

218 1057 311 1117 quove
334 1037 420 1098 modo
439 1040 564 1115 possent
585 1038 689 1098 allecto
712 1036 823 1098 lumine
846 1038 928 1098 obire

218 1134 248 1189 et
269 1144 366 1205 neque
388 1127 535 1206 opinantis
557 1123 690 1187 tenebris
711 1122 860 1187 obducere
883 1133 991 1207 terras,

148 1232 199 1283 763
219 1233 286 1277 cum
309 1216 393 1293 quasi
416 1216 553 1275 conivent
574 1222 604 1275 et
627 1220 727 1292 aperto
751 1213 861 1275 lumine
884 1232 1004 1275 rursum

148 1311 203 1364 776
220 1305 318 1365 omnia
341 1304 496 1363 convisunt
518 1301 596 1363 clara
618 1301 683 1362 loca
705 1301 828 1363 candida
851 1302 930 1383 luce,

219 1410 297 1453 nnnc
320 1391 409 1452 redeo
432 1390 468 1451 ad
491 1390 595 1451 mundi
616 1392 776 1450 novitatem
799 1397 830 1451 et
852 1389 950 1451 mollia
972 1397 1069 1450 terrae
1112 1413 1152 1451 333

219 1499 300 1561 3333,
322 1497 397 1540 novo
421 1479 483 1539 letu
505 1478 576 1558 quid
598 1480 727 1557 primum
750 1480 782 1539 in
804 1477 924 1539 luminis
948 1496 1015 1538 oras

219 1567 322 1629 tollere
346 1575 376 1628 et
398 1568 519 1627 incertis
542 1570 654 1627 crerint
676 1568 859 1627 committere
882 1568 986 1627 ventis.

150 1674 201 1723 773
264 1655 413 1734 Principio
437 1666 530 1733 genus
552 1654 712 1715 herbarum
733 1654 916 1736 viridemque
939 1657 1066 1715 nitorem

150 1752 298 1804 78113333
321 1741 402 1803 dedit
423 1744 536 1803 circum
559 1742 643 1803 collis
666 1760 843 1822 camposque
865 1761 920 1822 per
942 1745 1052 1823 omnis,

221 1830 325 1891 ilorida
347 1829 494 1892 fulscmmt
514 1831 653 1891 viridanti
674 1838 758 1911 prata
780 1830 891 1913 colore,
1113 1853 1152 1894 333

221 1919 434 1998 arboribusque
457 1920 593 1981 datumst·
608 1921 699 1980 variis
722 1919 827 1980 exinde
849 1938 906 1999 per
926 1937 1012 1980 auras

222 2008 376 2070 crescendi
398 2026 535 2087 magnum
557 2009 690 2068 inmissis
712 2014 862 2068 certamen
883 2007 1015 2068 habenis.
1093 2027 1100 2043 ·

151 2103 255 2165 77331
276 2096 375 2176 pluma
398 2103 485 2175 atque
508 2095 561 2175 pili
584 2099 711 2175 primum
735 2103 889 2174 saetaeque
913 2102 1051 2157 creantur

152 2193 208 2245 786
222 2185 435 2264 quadripedum
457 2184 597 2244 membris
621 2191 652 2245 et
673 2201 796 2262 corpore
819 2187 1077 2265 pennipotentum,

223 2276 265 2334 sic
288 2291 362 2333 nova
384 2279 454 2334 tum·
469 2271 556 2333 tellus
579 2271 686 2332 berbas
708 2271 891 2351 virgultaque
914 2274 1044 2350 primum
1114 2295 1155 2334 rao

223 2361 354 2441 sustulit,
377 2361 445 2421 inde
468 2360 527 2420 loci
548 2358 685 2420 animalia
707 2359 803 2421 saecla
826 2362 935 2420 crearit

130 2461 135 2470 '
221 2449 313 2511 multa
335 2450 431 2510 modis
453 2448 553 2509 multis
576 2450 657 2508 varia
679 2449 792 2508 ratione
815 2456 922 2508 coorta.

152 2554 204 2605 783
222 2557 290 2599 nam
312 2555 408 2616 neque
431 2537 467 2597 de
491 2535 570 2597 caelo
594 2535 737 2596 cecidisse
759 2535 896 2597 animalia
917 2542 1056 2616 possunt,

153 2633 205 2684 791
222 2644 278 2686 nec
300 2627 453 2686 terrestria
476 2624 511 2684 de
535 2623 620 2684 salsis
644 2626 742 2684 exisse·
764 2623 888 2685 lacunis:

222 2713 366 2792 linquitur
388 2720 421 2774 ut
443 2714 549 2772 merito
571 2718 737 2773 maternum
759 2730 868 2773 nomen
891 2713 994 2792 adepta
1112 2735 1152 2775 res

222 2809 302 2862 terra
326 2803 376 2881 sit,
399 2819 415 2860 e
438 2807 517 2860 terra
541 2802 679 2878 quoniam
702 2807 772 2861 sunt
793 2808 899 2861 cuncta
921 2806 1026 2861 creata.

222 2889 370 2967 multaque
393 2906 472 2949 nunc
495 2890 584 2948 etiam
607 2891 738 2949 existunt
760 2888 896 2949 animalia
918 2890 1020 2969 terris,

154 2993 204 3044 385
223 2977 369 3038 imbribus
392 2983 422 3037 et
444 2975 538 3037 calido
562 2974 634 3036 solis
656 2983 793 3037 concreta
815 2994 935 3057 vapore3

153 3072 209 3125 796
223 3085 280 3145 quo
303 3067 402 3126 minus
425 3070 471 3125 est
493 3066 614 3144 mirum,
638 3067 750 3125 situm
773 3071 842 3125 sunt
863 3064 948 3144 plura
969 3072 1071 3124 coorta

224 3161 254 3214 et
276 3154 400 3233 maiora,
422 3170 496 3212 nova
518 3151 624 3212 tellure
647 3158 735 3231 atque
757 3153 876 3213 aethere
899 3152 1004 3213 adulta.
1111 3174 1151 3214 333

223 3240 369 3320 principio
392 3257 484 3317 genus
507 3239 630 3300 alituum
652 3243 808 3319 variaeque
830 3240 965 3302 volucres

225 3346 278 3389 ova
300 3325 506 3405 relinquebant
529 3327 664 3388 exclusae
686 3336 819 3408 tempore
842 3347 946 3409 verno,

154 3433 205 3482 333
225 3412 370 3475 folliculos
392 3421 425 3473 ut
447 3432 526 3474 nunc
548 3417 653 3475 teretis
675 3424 785 3477 aestate
809 3417 925 3478 cicadae

550 3498 611 3563 771
629 3529 670 3552 =
687 3501 758 3567 764.
