2484 3800
584 170 624 223 ΠΙ
1065 172 1106 235 87

171 313 408 393 dispositumque
431 315 549 376 videtur
569 315 622 376 ubi
645 334 711 377 esso
735 323 765 379 et
788 334 923 379 erescere
946 320 1041 397 possit
1071 340 1110 381 roo

172 418 291 461 sorsum
318 404 414 462 anima
437 411 524 482 atque
547 406 677 485 animus,
704 411 785 465 tanto
808 408 902 484 magis
925 406 1108 467 infitiandum

100 503 156 555 795
171 496 267 551 totum
290 508 378 570 posse
400 497 484 551 extra
506 510 615 571 corpus
639 492 747 553 durare
769 495 904 572 genique.

101 593 279 658 alloquere,
301 596 409 656 eorpus
430 578 484 639 ubi
506 581 634 660 interiit,
656 582 782 659 periisse
805 589 958 643 necessest

172 666 331 727 confiteare
354 668 481 727 animam
504 667 676 729 distractam
698 671 730 728 in
753 686 877 747 corpore
899 676 969 731 toto.

172 755 283 832 quippe
306 756 417 817 etenim
439 755 563 816 mortale
586 763 706 816 aeterno
729 758 852 836 iungere
876 764 906 817 et
927 776 985 819 una
1070 782 1109 823 ooo

172 843 342 904 consentire
364 849 467 921 putare
491 850 522 903 et
544 843 627 922 longi
650 851 751 906 mutua
772 863 860 924 posse

98 946 159 996 800
172 929 350 1008 desiperest:
374 930 445 1009 quid
467 933 547 991 enim
569 932 716 993 diversius
739 951 805 994 esse
827 933 1019 1012 putandumst

98 1033 155 1083 coo
173 1024 224 1078 aut
246 1019 340 1096 magis
363 1020 441 1079 inter
464 1037 496 1079 se
520 1019 702 1081 disiunctum
725 1020 993 1102 discrepitansque,

174 1122 262 1184 quam
284 1106 408 1167 mortale
430 1107 509 1185 quod
532 1114 578 1167 est
599 1108 748 1169 inmortali
771 1115 858 1188 atque
880 1112 1007 1191 perenni

596 1214 615 1254 ιιι

172 1283 307 1342 iunctum
329 1284 361 1343 in
383 1282 508 1343 ennodio
528 1301 633 1349 ‚saevas
654 1284 781 1345 tolerare
804 1282 970 1363 proeellas?
1069 1308 1108 1348 eoo

172 1376 327 1448 praeterea
349 1389 551 1450 quoecumque
574 1379 695 1432 manent
717 1382 835 1433 aeterna
858 1381 1010 1434 necessest

98 1474 158 1525 805
172 1464 224 1518 ant
245 1460 315 1536 quia
338 1466 406 1519 sunt
429 1458 523 1520 solido
546 1479 614 1520 cum
637 1479 760 1539 corpore
783 1479 925 1539 respuere
947 1463 1024 1522 ictus

100 1562 155 1612 806
174 1564 231 1606 nee
252 1554 407 1625 penetrare
430 1550 493 1625 pati
515 1547 574 1609 sibi
596 1550 754 1628 quiequam
777 1549 855 1628 quod
878 1557 966 1629 queat
988 1557 1066 1610 artas

174 1634 335 1695 dissociare
358 1637 439 1695 intus
461 1638 567 1717 partis,
589 1643 623 1696 ut
645 1639 779 1697 materiai

174 1740 298 1800 corpora
321 1730 390 1783 sunt
412 1735 538 1802 quorum
560 1732 695 1785 naturam
718 1725 900 1786 ostendimus
924 1732 1005 1807 ante,
1070 1748 1110 1789 uo

175 1810 314 1870 antideo
337 1810 444 1872 durare
466 1819 591 1872 aetatem
614 1830 702 1891 posse
725 1832 780 1892 per
803 1831 933 1895 omnem,

99 1916 159 1968 810
173 1898 324 1978 plagarum
347 1902 417 1979 quia
439 1908 509 1961 sunt
531 1904 663 1980 expertia
686 1903 764 1962 sieut
787 1905 915 1982 inanest,

100 2005 155 2054 810
175 1988 254 2067 quod
276 1995 376 2048 manet
398 1990 540 2049 intactum
562 2007 659 2068 neque
682 1988 718 2049 ah
741 1992 802 2050 ictu
825 1991 957 2068 iungitur
979 1990 1085 2071 hilum,

175 2078 335 2136 autetiam
359 2078 428 2155 quia
450 2075 530 2136 nulla
552 2076 611 2138 loci
635 2079 673 2137 sit
696 2079 779 2155 copia
802 2080 927 2158 circum,

175 2181 234 2243 quo
258 2166 343 2242 quasi
364 2182 413 2224 res
435 2167 551 2243 possint
573 2165 726 2225 discedere
750 2164 944 2246 dissoluique,
1070 2188 1110 2228 oro

175 2254 265 2312 sicuti
286 2269 467 2314 summarum
490 2260 634 2315 summast
656 2260 787 2333 aeterna,
809 2271 906 2332 neque
930 2260 1013 2312 extra

99 2356 159 2408 815
174 2342 242 2419 quis
262 2338 351 2417 locus
362 2348 409 2403 est
426 2359 485 2419 quo
504 2341 668 2421 diffugiant,
690 2359 786 2419 neque
805 2358 929 2420 corpora
948 2347 1017 2400 sunt
1035 2359 1109 2419 quae

100 2446 155 2495 815
175 2430 291 2508 possint
312 2428 444 2488 incidere
467 2435 498 2488 ct
518 2429 613 2489 valida
636 2428 796 2490 dissolvere
819 2428 911 2508 plaga.

599 2536 617 2575 ri

98 2663 101 2670 .
176 2604 254 2683 quod
277 2607 303 2664 si
324 2604 401 2665 forte
424 2605 491 2665 ideo
513 2607 607 2682 magis
630 2604 804 2665 immortalis
826 2604 1001 2685 habendast,

175 2692 255 2771 quod
277 2691 413 2753 letalibus
435 2692 473 2753 ab
495 2692 585 2753 rebus
607 2695 721 2754 munita
743 2700 874 2773 tenetur,
1071 2716 1111 2756 oso

175 2788 226 2841 aut
248 2782 317 2858 quia
339 2799 399 2840 non
420 2783 543 2841 veniunt
565 2783 684 2841 omnino
707 2780 802 2842 aliena
825 2781 941 2860 salutis,

101 2876 226 2937 820aut
248 2871 317 2947 quia
339 2887 413 2949 quae
436 2871 558 2929 veniunt
580 2868 677 2948 aliqua
700 2871 812 2929 ratione
836 2868 979 2929 recedunt

101 2975 157 3024 820
174 2956 260 3036 pulsa
282 2959 365 3035 prius
388 2975 476 3036 quam
498 2957 570 3036 quid
593 2964 719 3018 noceant
741 2959 851 3017 sentire
876 2974 1031 3038 queamuS‚

173 3141 293 3212 praeter
314 3135 395 3193 enim
417 3151 503 3211 quam
528 3134 606 3212 quod
630 3132 741 3193 morbis
765 3151 832 3194 cum
851 3135 983 3212 corporis
1003 3141 1111 3216 segrei,

174 3221 293 3281 advenit
314 3221 344 3281 id
369 3221 447 3300 quod
469 3239 534 3282 eam
558 3222 594 3282 de
618 3220 708 3281 rebus
731 3239 818 3300 saepe
842 3220 951 3282 luturis
1071 3243 1110 3285 ors

173 3316 303 3370 maceret
325 3311 415 3387 inque
437 3317 519 3370 metu
541 3309 617 3370 male
639 3309 728 3370 habet
751 3311 889 3387 curisque
912 3310 1027 3389 fatigat,

101 3413 162 3466 825
172 3399 401 3476 praeteritisque
424 3396 500 3457 male
523 3397 660 3458 admissis
683 3404 803 3476 peecata
825 3397 1002 3458 remordent.

102 3503 155 3553 825
174 3485 249 3546 adde
272 3486 403 3546 furorem
426 3477 522 3546 animi¹
540 3489 694 3565 proprium
717 3493 805 3565 atquc
828 3484 934 3546 oblivia
956 3501 1070 3564 rerum,
