2484 3800
119 149 163 213 56
606 146 634 199 Π

191 293 357 356 inmortalia
379 296 406 354 si
428 292 563 354 volumus
586 292 764 371 subiungere
787 291 877 353 rebus

121 400 173 449 860
191 383 392 462 fundamenta,
415 382 522 460 quibus
544 384 655 442 nitatur
679 398 792 442 summa
815 380 932 461 salutis3
1008 402 1010 405 ·

191 490 229 532 ne
252 469 307 530 tibi
329 489 377 530 res
399 471 522 531 redeant
545 470 581 530 ad
603 469 697 530 nilum
719 469 852 529 funditus
876 485 987 529 omncs.
1056 482 1058 485 ·

122 576 179 627 865
236 558 320 619 Nunc
343 576 377 619 ea
401 577 474 637 quae
494 560 605 618 sentire
623 558 757 618 videmus
776 575 901 635 cumque
921 562 1073 618 necessest
1087 568 1132 610 aas

193 666 229 707 ex
252 646 442 707 insensilibus
465 653 563 707 tamen
586 647 683 706 omnia
706 646 863 705 confiteare

192 737 347 815 principiis
370 742 513 795 constare.
551 752 648 813 neque
671 734 701 794 id
724 733 888 795 manufesta
910 733 1039 793 relirtant

123 839 174 888 808
193 842 249 884 nec
272 830 373 883 contra
394 829 526 901 pugnant
547 825 579 882 in
600 828 739 901 promptu
762 823 879 899 cognita
901 839 976 900 qnae
1000 826 1081 901 sunt,

194 912 246 972 sed
269 913 362 990 magis
386 914 450 989 ipsa
472 929 562 971 manu
585 910 697 971 ducunt
719 916 750 970 et
772 909 893 970 credere
917 915 1025 989 cogunt

122 1018 179 1068 070
193 1018 228 1061 ex
251 999 456 1079 insensilibus,
479 998 557 1077 quod
581 998 660 1079 dico,
683 997 818 1058 animalia
841 999 929 1076 gigni.
1086 1011 1132 1052 sao

194 1090 302 1169 quippe
325 1088 424 1148 videre
447 1087 518 1148 licet
538 1088 620 1146 vivos
644 1088 771 1147 existere
793 1102 909 1146 vermes

194 1183 325 1237 stercore
348 1175 384 1235 de
407 1181 514 1257 taetro,
535 1181 672 1253 putorem
695 1192 762 1235 cum
785 1172 844 1233 sibi
865 1180 981 1235 nactast

123 1281 176 1332 oto
194 1266 409 1343 intempestivis
431 1282 467 1324 ex
490 1262 635 1323 imbribus
657 1262 757 1323 umida
778 1260 879 1342 tellus,

194 1359 347 1432 praeterea
369 1359 490 1413 cunetas
512 1351 615 1411 itidem
638 1369 686 1411 res
709 1357 824 1410 vertere
847 1367 922 1410 sese.

123 1458 179 1509 875
192 1447 310 1501 vertunt
333 1459 364 1501 se
388 1440 469 1500 fluvii
491 1439 612 1499 frondes
637 1444 667 1498 et
688 1437 794 1518 pabula
816 1437 892 1498 laeta
1086 1449 1130 1490 aro

194 1531 226 1588 in
248 1528 390 1609 pecudes,
413 1534 531 1588 vertunt
552 1527 681 1606 pecudes
704 1528 735 1586 in
757 1543 881 1604 corpora
902 1532 1006 1586 nostra

195 1624 342 1695 naturam,
365 1623 394 1675 et
416 1622 517 1676 nostro
541 1616 577 1675 de
600 1632 723 1694 corpore
748 1632 834 1692 saepe
857 1614 987 1673 serarum

125 1721 177 1771 8⁷5
196 1710 359 1782 augescunt
380 1706 458 1764 vires
481 1711 510 1763 et
533 1721 657 1782 corpora
679 1704 931 1781 pennipotentum.

196 1810 266 1870 ergo
290 1809 393 1851 omnes
414 1798 519 1852 natura
542 1790 624 1851 cibos
647 1793 678 1851 in
702 1808 825 1870 corpora
847 1792 911 1849 riva

125 1895 182 1949 880
195 1882 284 1942 vertit
305 1886 336 1940 et
357 1879 426 1940 hinc
449 1897 555 1941 sensus
578 1881 758 1940 animantum
781 1884 917 1958 procreat
939 1895 1058 1960 omncs,
1088 1891 1131 1932 eso

196 1987 256 2031 non
279 1969 334 2028 alia
357 1967 442 2046 longe
465 1970 578 2028 ratione
601 1975 688 2046 atque
712 1966 793 2028 arida
815 1966 893 2045 ligna

35 2089 41 2100 ·
86 2119 89 2124 ,
197 2057 323 2136 explicat
344 2058 375 2116 in
397 2057 528 2116 flammas
551 2063 581 2117 et
602 2058 635 2116 in
658 2057 735 2134 ignis
758 2057 855 2115 omnia
877 2061 982 2115 versat.

34 2190 38 2196 ·
125 2162 178 2215 880
197 2149 294 2206 iamne
316 2145 398 2205 vides
421 2147 511 2223 igitur
533 2146 633 2221 magni
654 2143 815 2222 primordia
837 2160 937 2203 rerum

197 2235 309 2295 referre
331 2236 364 2293 in
386 2233 465 2312 quali
488 2234 548 2293 sint
570 2232 673 2292 ordine
697 2249 830 2311 quaeque
853 2231 946 2291 locata

125 2340 183 2392 885
197 2330 227 2384 et
249 2324 404 2383 commixta
427 2320 534 2399 quibus
556 2320 628 2380 (lent
648 2326 746 2380 motus
768 2314 993 2398 accipiantque?
1090 2332 1133 2374 ess

241 2411 315 2472 Tum
326 2427 424 2490 porro,
441 2409 511 2488 quid
522 2408 552 2468 id
565 2414 619 2488 est,
638 2410 767 2468 animum
779 2407 857 2486 quod
868 2408 1006 2487 percutit,
1022 2409 1132 2489 ipsum,

199 2499 277 2578 quod
299 2506 397 2558 movet
419 2505 449 2557 et
470 2498 566 2556 varios
589 2514 694 2556 sensus
718 2512 891 2574 expromere
915 2496 1006 2575 cogit,

127 2604 179 2654 888
198 2605 234 2647 ex
257 2585 448 2646 insensilibus
471 2602 508 2645 ne
531 2584 635 2644 credas
658 2583 765 2644 sensile
789 2579 891 2662 gigni?

73 2735 80 2748 ,
198 2676 352 2755 nimirum,
374 2673 486 2752 lapides
510 2678 539 2731 et
561 2671 640 2750 ligna
663 2678 692 2731 et
714 2678 793 2732 terra
816 2671 894 2750 quod
916 2688 974 2730 una

127 2779 184 2830 800
198 2764 287 2822 mixta
309 2769 409 2822 tamen
431 2767 581 2839 nequeunt
603 2758 720 2819 vitalem
743 2758 867 2820 reddere
890 2776 1020 2819 sensum.
1091 2773 1135 2814 sao

198 2850 270 2911 illud
293 2852 325 2909 in
347 2850 393 2909 his
415 2851 506 2927 igitur
528 2846 618 2907 rebus
640 2849 811 2907 meminisse
834 2845 963 2926 decebit,

197 2956 257 2999 non
280 2957 317 2998 ex
340 2937 475 2997 omnibus
499 2938 631 3016 omnino,
655 2953 855 3013 quaecumque
877 2940 978 2994 creant
1001 2952 1051 2994 res

128 3044 180 3094 800
199 3025 332 3106 sensilia,
355 3023 501 3103 extemplo
524 3042 571 3084 me
594 3025 675 3102 gigni
698 3023 797 3083 dicere
821 3041 938 3103 sensus,

199 3114 251 3175 sed
273 3115 371 3192 magni
394 3113 505 3172 referre
529 3114 713 3190 caprimum
736 3110 874 3189 quantula
897 3116 1046 3190 constent,

127 3219 183 3270 895
202 3201 310 3262 sensile
334 3219 407 3280 quae
431 3201 555 3279 iaciunt,
578 3207 608 3260 et
631 3218 688 3278 qua
711 3200 770 3259 sint
791 3199 924 3278 praedita
946 3199 1054 3279 torma,
1091 3211 1135 3252 ⁸2⁵

198 3289 328 3350 motibus
352 3287 505 3347 ordinibus
528 3289 670 3365 posituris
693 3287 820 3366 denique
844 3289 910 3366 quis
934 3289 1002 3347 sint

201 3394 324 3457 quarum
347 3374 389 3435 nil
412 3392 512 3435 rerum
535 3377 566 3434 in
588 3374 677 3453 lignis
701 3374 869 3453 glaebisque
892 3375 1042 3435 videmus:

128 3483 180 3533 aas
200 3473 230 3526 et
251 3473 350 3525 tamen
372 3462 454 3542 haec,
476 3479 543 3521 cum
566 3470 635 3523 sunt
656 3465 741 3541 quasi
758 3463 920 3542 putrefacta
939 3481 994 3542 per
1010 3463 1138 3546 imbreS,
