2484 3800
155 176 198 240 38
640 175 667 228 Π

222 329 439 401 nocturnasque
462 323 541 383 iaces
564 321 638 383 caeli
661 321 786 382 sublime
808 320 933 381 volantis

222 429 321 471 nonne
343 411 425 471 vides
448 410 550 489 longos
573 410 757 471 flammarum
780 409 888 470 ducere
910 415 1023 470 tractus

223 501 255 559 in
278 517 476 578 quascumque
499 499 581 559 dedit
603 501 696 578 partis
719 505 822 559 natura
850 494 1000 557 meatum?

223 605 283 647 non
306 587 410 647 cadere
433 590 597 648 interram
621 586 720 647 stellas
744 594 774 647 et
796 584 894 646 sidera
917 582 1038 645 cernis?

154 683 206 732 210
225 675 269 736 sol
292 677 380 735 etiam
401 672 536 737 euclide
559 677 670 735 vertice
693 674 817 753 dissipat
839 676 936 733 omnis

225 764 361 824 ardorem
384 767 415 823 in
436 765 529 843 partis
552 770 582 823 et
604 762 716 823 lumine
739 764 870 823 conserit
891 780 972 822 arva:

224 854 256 911 in
277 859 373 912 terras
396 854 486 931 igitur
509 869 625 930 quoque
650 851 720 911 solis
742 852 874 929 vergitur
896 849 991 910 ardor.

224 947 466 1019 transversosque
490 939 586 999 volare
609 957 664 1018 per
686 938 790 999 imbris
814 937 936 998 fulmina
958 938 1071 1017 cernis,

224 1047 302 1089 nunc
324 1028 394 1088 binc
417 1046 495 1089 nunc
517 1026 598 1088 illinc
621 1026 738 1106 abrupti
764 1026 892 1087 nubibus
915 1029 1000 1104 ignes

155 1123 206 1172 210
225 1123 414 1177 concursant:
438 1117 515 1176 cadit
536 1118 568 1175 in
590 1122 686 1176 terras
709 1118 753 1175 vis
775 1115 910 1175 flammea
932 1113 1025 1193 volgo.

269 1203 344 1265 lllud
366 1207 397 1264 in
419 1204 466 1264 his
490 1221 606 1283 quoque
629 1211 659 1263 te
682 1203 771 1263 rebus
795 1220 973 1281 cognoscere
996 1220 1129 1282 avemuS,

225 1311 348 1372 corpora
371 1311 438 1353 cum
461 1292 600 1352 deorsum
622 1299 737 1352 rectum
760 1310 814 1370 per
836 1294 923 1351 inane
946 1291 1085 1351 feruntur

225 1380 407 1459 ponderibus
429 1382 571 1461 propriis,
593 1382 707 1441 incerto
730 1387 863 1458 tempore
886 1380 978 1439 ierme

225 1471 405 1547 incertisque
428 1469 502 1529 locis
524 1470 619 1547 spatio
642 1467 790 1546 depellere
813 1466 946 1547 paulum,

156 1562 208 1612 220
225 1564 339 1617 tantum
363 1557 440 1635 quod
462 1574 570 1628 nomen
593 1563 738 1617 mutatum
760 1556 859 1616 dicere
882 1555 987 1635 possis.

227 1645 303 1723 quod
326 1646 385 1704 nisi
408 1643 555 1705 declinare
579 1643 721 1725 solerent,
743 1646 841 1704 omnia
864 1644 1003 1705 deorsum

226 1732 330 1792 imbris
353 1734 398 1793 uti
419 1739 517 1810 guttae
541 1732 680 1793 caderent
702 1750 756 1811 per
778 1735 863 1792 inane
886 1730 1066 1810 profundum

226 1838 282 1881 nec
304 1820 380 1880 ioret
401 1821 531 1880 offensus
554 1828 640 1881 natus
663 1838 718 1880 nec
740 1820 823 1899 plaga
846 1827 943 1880 creata

226 1910 394 1988 principiis:
417 1911 458 1969 ita
481 1908 523 1969 nil
545 1928 684 1988 umquam
707 1917 810 1970 natura
832 1915 969 1969 creasset.

157 2003 208 2054 220
280 1997 363 2068 Quod
387 1999 413 2058 si
436 1997 510 2058 iorte
534 1997 640 2077 aliquis
663 1997 758 2058 credit
780 1998 913 2076 graviora
935 2003 1054 2075 potesse

226 2103 363 2167 corpora,
387 2103 444 2164 quo
468 2088 556 2146 citius
579 2093 693 2146 rectum
715 2104 769 2164 per
792 2088 879 2145 inane
902 2086 1048 2166 ferantur,

227 2174 357 2235 incidere
380 2193 416 2234 er
439 2192 548 2252 supero
571 2173 730 2233 levioribus
753 2180 839 2252 atque
863 2175 903 2233 ita
926 2172 1027 2252 plagas

226 2265 359 2344 gignere,
382 2280 457 2340 quae
479 2265 595 2340 possint
617 2261 753 2339 genitalis
775 2260 900 2322 reddere
921 2269 1033 2342 motus,

227 2352 308 2411 avius
331 2369 348 2410 a
370 2368 438 2410 vera
460 2349 546 2427 longe
568 2352 682 2410 ratione
704 2349 825 2409 recedit.

157 2445 209 2495 230
226 2458 294 2499 nam
316 2456 371 2518 per
393 2456 483 2517 aquas
506 2456 707 2517 quaecumque
727 2437 834 2498 cadunt
852 2444 939 2516 atque
962 2442 1032 2498 aera
1050 2455 1167 2523 rarum,

226 2527 299 2587 haec
320 2545 375 2605 pro
398 2525 578 2605 ponderibus
601 2544 687 2586 casus
711 2525 839 2586 celerare
862 2533 1013 2586 necessest

225 2621 382 2694 propterea
406 2616 473 2693 quia
496 2632 604 2693 corpus
627 2631 718 2692 aquae
741 2620 903 2693 naturaque
924 2615 1022 2674 tenvis

227 2705 305 2762 aeris
327 2701 397 2762 haut
418 2709 543 2781 possunt
566 2720 658 2780 aeque
681 2719 745 2763 rem
768 2719 914 2780 quamque
937 2703 1061 2782 morari,

227 2789 279 2851 sed
302 2792 389 2851 citius
413 2790 520 2850 cedunt
542 2788 726 2868 gravioribus
750 2797 936 2868 exsuperata:

157 2886 208 2934 235
227 2885 256 2938 at
279 2884 380 2938 contra
402 2877 475 2938 nulli
498 2878 534 2938 de
557 2877 637 2938 nulla
662 2884 746 2956 parte
768 2895 864 2955 neque
887 2877 948 2937 ullo

226 2973 359 3044 tempore
382 2967 468 3026 inane
491 2973 586 3045 potest
612 2983 736 3026 vacuum
760 2965 921 3026 subsistere
944 2968 1002 3047 rei,

228 3056 312 3134 quin,
336 3072 389 3113 sua
411 3053 489 3132 quod
512 3061 615 3114 natura
639 3056 725 3133 petit,
749 3054 910 3114 concedere
933 3061 1050 3135 pergat;

228 3144 327 3202 omnia
349 3148 528 3220 quapropter
551 3142 658 3202 debent
683 3160 737 3220 per
758 3144 846 3201 inane
869 3143 1003 3220 quietum

227 3248 320 3309 aeque
342 3228 523 3308 ponderibus
546 3248 605 3291 non
628 3232 729 3309 aequis
752 3232 867 3291 concita
890 3230 970 3290 ierri.

157 3326 208 3376 240
226 3319 304 3380 haud
327 3320 418 3396 igitur
439 3325 579 3397 poterunt
600 3318 761 3379 levioribus
783 3319 914 3380 incidere
938 3338 1079 3399 umquam

227 3424 395 3486 exsupero
419 3408 551 3484 grauiora
573 3425 669 3486 neque
692 3409 769 3468 ictus
792 3409 912 3486 gignere
935 3427 989 3488 per
1011 3424 1057 3491 se,

227 3498 279 3576 qni
301 3496 415 3556 varient
437 3501 548 3575 motus,
571 3513 625 3574 per
648 3513 723 3573 quos
746 3502 850 3556 natura
873 3504 956 3575 gerat
979 3515 1037 3559 res.
