2484 3800
433 187 714 245 PROLEGOMENA.
1044 188 1080 243 LI

61 353 89 412 p.
108 333 207 394 XXIV
225 367 268 377 -
286 333 336 394 hic
355 353 426 396 casu
448 342 550 396 natum
574 354 641 397 esse
664 335 824 398 verisimile
847 355 907 397 non
929 342 983 397 est
1023 336 1079 396 555

61 441 137 482 voce
173 429 261 503 poeta
292 424 334 483 ita
365 424 482 484 videtur
512 443 585 485 usus
618 443 697 505 esse,
734 432 767 485 ut
799 427 838 485 sit
868 442 923 504 pro
955 442 1079 503 praepo-

63 512 188 591 sitione,
210 529 272 570 non
295 510 435 572 audacius
457 512 507 572 ille
531 511 650 591 quidem
670 531 757 591 quam
780 515 832 592 qui
853 515 968 592 primus
991 513 1078 572 dixit:

63 597 263 659 exadversum
286 598 410 678 aliquid:
432 597 641 678 interutraque
662 617 746 662 secus
767 599 830 661 Lm.
848 599 929 662 iuter
949 603 1080 678 utraque

61 688 149 748 55551
174 686 206 747 Β.
229 685 310 748 iuter
329 689 470 766 utrosque
491 685 583 750 sitast
602 688 654 748 llr.
678 721 721 732 —-
745 686 809 750 309
831 691 963 750 5515555
980 687 1079 750 55155-

62 791 121 853 pue
136 773 246 836 551555
257 773 386 854 octupla
393 774 510 854 plinta.
534 776 647 837 Susem.
658 777 757 856 philol.
771 776 874 837 XXVII
888 773 932 838 34
945 775 1078 838 5515555.

63 865 180 924 rectius
200 865 241 924 ita
260 866 431 942 scripsisset
445 863 610 945 Lucretius,
629 865 679 925 sed
700 864 836 926 facillime
854 866 951 944 potuit
969 883 1079 944 errare,

63 951 132 1012 vide
159 948 224 1030 ‘Ep
247 950 343 1012 Lehre
365 970 391 1012 v.
414 952 441 1012 d.
460 946 558 1012 Seele’
580 971 607 1031 p.
628 949 787 1014 14.-321
812 949 956 1031 depellere
978 951 1079 1015 doctis

64 1037 167 1100 Lamb.
186 1037 285 1101 noctis
298 1038 357 1111 OQ.
375 1037 464 1101 uobis
476 1040 537 1101 Lm.
552 1039 584 1100 Β.
598 1040 651 1102 llr.
670 1073 713 1084 —-
743 1038 755 1121 ΙΙ
772 1036 947 1102 eet-349
961 1033 987 1123 ΙΙ;
1009 1058 1078 1100 nam

64 1145 209 1188 versuum
237 1124 412 1190 350-358
441 1136 647 1207 argumentum
673 1131 821 1189 artissime
848 1128 986 1189 cohaeret
1010 1146 1078 1188 cum

66 1233 110 1296 eo,
135 1215 216 1295 quod
236 1235 280 1276 vv.
300 1213 475 1279 323-336
494 1219 659 1295 exponitur.
700 1216 736 1276 ab
754 1217 811 1277 hoc
828 1234 898 1277 vero
916 1234 976 1276 nou
995 1233 1078 1294 sepa.-

65 1303 159 1364 randa
179 1312 258 1384 sunt,
277 1322 351 1382 quae
368 1324 412 1366 vv.
430 1301 604 1367 359-369
624 1305 780 1366 docentur·
772 1304 907 1388 ‚quihus
926 1306 1078 1383 aptissime

66 1410 110 1452 vv.
135 1389 313 1455 310-395
334 1393 528 1453 subiciuntur.
564 1392 849 1454 Lachmannussic·
878 1386 1078 1476 331-34911

67 1474 287 1563 350-359l13
319 1480 440 1541 seclusit
466 1483 571 1563 igitur,
598 1500 672 1560 quae
696 1481 874 1542 secludenda
902 1499 963 1541 uon
985 1487 1078 1561 erant,

68 1586 128 1628 non
157 1569 293 1650 seclusit,
329 1587 403 1647 quae
430 1568 616 1630 debuit—
648 1566 713 1631 353
740 1566 787 1631 551
816 1567 999 1647 manifestes
1028 1585 1079 1630 res

68 1658 176 1718 contra
197 1615 361 1736 55555555
381 1659 544 1761 5515555515
566 1675 604 1718 55
629 1661 696 1736 quis
719 1675 787 1718 cum
802 1657 932 1719 Luciano
953 1657 1077 1717 llullero
1197 1698 1199 1700 ψ

69 1745 169 1823 philol.
183 1744 234 1805 XV
249 1741 312 1808 158
330 1762 419 1806 ceree
437 1748 468 1805 in
486 1742 588 1807 515555
605 1753 719 1806 mutare
738 1745 817 1827 velit,
835 1721 871 1806 51.
890 1742 1077 1826 11345551

68 1849 218 1894 5555515
245 1833 424 1915 55615155,
451 1851 525 1933 quae
552 1832 588 1895 iu
609 1835 757 1913 prornplu
783 1791 1008 1914 5555155155ιὲ
1030 1835 1077 1915 sit,

69 1920 105 1981 lv
128 1918 207 2003 214,
238 1920 292 1989 ubi
319 1929 365 1983 est
394 1920 545 2001 specimen
575 1940 693 1998 555555,
726 1923 762 1982 11
788 1919 867 2005 464,
899 1922 951 1983 551
977 1923 1014 1983 de
1042 1940 1077 1981 eo

71 2010 154 2091 dicit,
185 2011 290 2089 555515
315 2026 375 2071 555
401 2009 482 2072 ceris
507 2009 589 2089 5555
607 2010 710 2089 possit
733 2009 852 2073 555555
875 2007 969 2089 falsu
1008 2018 1078 2070 sunt

71 2096 193 2176 Epicuri
211 2094 418 2180 ἐναργήματα
436 2101 497 2159 sive
517 2094 652 2180 ἐναργῆ,
671 2099 707 2159 51.
724 2099 793 2160 diss.
808 2099 898 2159 schol.
912 2098 975 2159 Hal.
991 2095 1077 2160 1882

71 2204 98 2264 p.
114 2183 157 2247 10
175 2192 206 2246 51
223 2185 311 2247 115511.
331 2186 401 2247 ibid.
420 2186 532 2247 editum
553 2184 638 2247 1893
656 2206 684 2266 p.
702 2185 750 2248 16.
783 2186 887 2247 eodem
905 2187 970 2247 loco
989 2186 1077 2245 docui

71 2291 95 2334 v.
110 2270 176 2336 354
194 2273 384 2335 scribendum
407 2293 472 2335 esse
491 2272 568 2353 quid
583 2273 724 2337 51515
741 2292 850 2353 corpus
867 2273 978 2335 555155
995 2270 1078 2351 quid

71 2360 200 2441 adferet,
227 2360 371 2441 uliquis
398 2360 516 2441 adferet
541 2369 587 2423 est
613 2366 646 2423 in
672 2362 731 2433 OQ.
754 2369 784 2422 et
806 2365 836 2422 in
859 2360 1010 2422 editionih.
1034 2394 1077 2403 -

73 2446 134 2512 351
154 2470 172 2507 a
191 2447 255 2513 358
273 2447 449 2529 5515555.
465 2497 493 2511 ..
517 2468 643 2530 quum
655 2448 784 2530 pellitur
800 2452 873 2512 5515
889 2450 955 2509 llr.:
971 2446 1078 2528 perdi

72 2539 136 2599 1551
153 2534 314 2617 expellito
330 2556 403 2601 5555
420 2556 514 2617 quum
527 2539 586 2609 OQ.
605 2536 771 2617 uultuque.
787 2586 793 2599 .
811 2556 902 2617 quom
918 2533 1079 2616 expellitur

72 2643 143 2688 5555
157 2626 219 2687 Lm.
236 2622 436 2705 [55115555.
455 2644 524 2689 cum
539 2624 700 2705 expellitur
712 2626 797 2704 aevo]
812 2626 845 2687 B.
855 2660 897 2669 -
908 2623 970 2689 361
982 2623 1079 2703 diffi-

72 2715 169 2777 vilest
180 2714 233 2775 llr.
249 2710 292 2775 ‘es
306 2715 376 2792 geht
388 2714 471 2775 nicht
480 2733 525 2796 55,
539 2715 607 2775 dass
615 2713 703 2776 man’.
726 2714 888 2793 desipercsi
900 2714 958 2787 OQ.
973 2714 1035 2774 Lm.
1046 2713 1076 2774 Β.

73 2835 113 2846 -
133 2800 199 2865 362
216 2818 323 2864 seruus
340 2800 421 2865 ecies
442 2801 577 2865 detrudit
597 2802 742 2882 5515555
759 2823 777 2861 s
797 2801 996 2880 [res......]:
1014 2801 1077 2862 Lm.

73 2888 180 2953 363..
191 2889 390 2969 ,55551555
413 2889 477 2953 362
495 2908 602 2953 seusus
620 2890 826 2953 55515...55
842 2890 927 2970 ipsas
950 2886 1080 2952 36415-

71 2978 171 3054 55555,
195 2974 363 3040 1555155155
384 2977 461 3058 quic
481 2977 569 3041 55515
585 2978 843 3059 praepediuntur:
870 2996 997 3059 quorum
1014 2997 1079 3037 ver-

71 3064 177 3127 horum
200 3066 426 3151 explicationem
448 3073 529 3128 recte
547 3067 651 3128 llunro
675 3068 747 3128 dicit
767 3067 925 3128 absurdam
948 3061 981 3151 (a
1002 3073 1080 3126 most

72 3155 229 3215 unnatural
248 3138 456 3238 explanation).
493 3155 600 3216 melius
619 3163 700 3217 certe
718 3155 759 3237 Β
781 3158 840 3217 51
832 3175 864 3216 m
882 3175 914 3216 re
935 3172 995 3215 non
1012 3172 1080 3233 per-

72 3251 180 3324 specta,
194 3243 231 3303 ad
245 3243 362 3304 obelum
373 3244 511 3347 confugit
531 3244 587 3304 alra
596 3262 689 3323 aeque
704 3244 776 3304 falsa
792 3245 828 3305 51
838 3262 882 3322 ap
892 3242 962 3303 Poll.
972 3242 990 3303 1
1001 3261 1025 3303 5.
1036 3275 1079 3284 -

72 3328 137 3393 365
158 3346 227 3410 555
247 3329 400 3393 ceruimus
418 3334 478 3411 ipsi
496 3332 554 3403 00.
577 3330 654 3411 puio
666 3331 728 3394 Lm.
746 3331 778 3393 B.
796 3332 906 3392 Mn-
895 3392 898 3399 ,
927 3327 993 3392 314
1010 3327 1080 3390 551-

71 3436 139 3481 5555
161 3416 306 3482 51555515
327 3418 452 3481 minora
474 3420 604 3492 5515.
636 3416 781 3483 51555515
807 3418 931 3482 minora
957 3414 1080 3479 cuimci

71 3507 132 3570 Lm.
150 3508 183 3571 Β.
207 3543 249 3553 -
272 3507 337 3573 318
358 3506 480 3588 prim
502 3508 561 3582 OQ.
579 3509 632 3571 lllr.
658 3507 756 3588 priua
777 3507 870 3570 Bentl.
894 3507 956 3567 Lm.
975 3505 1016 3587 Β,
1044 3506 1079 3565 51.

832 3606 869 3660 d.
