2484 3800
576 174 603 229 V
1027 172 1090 237 153

72 310 271 383 8011110111
293 328 397 401 sponte
421 339 473 383 sua
495 324 606 383 vietum
628 324 776 401 vitamque
798 329 941 402 petentes.

156 417 223 471 tum
244 410 301 471 tibi
323 417 403 471 terra
430 410 513 471 dedit
533 412 664 489 primum
685 410 820 472 mortalia
841 411 944 473 saecla.
1051 430 1091 473 eoo

155 498 269 560 multus
292 500 371 559 enim
395 498 475 559 calor
497 505 585 578 atque
608 518 694 559 umor
716 498 873 578 superabat
895 502 927 560 in
949 502 1039 560 arvis:
1093 522 1096 526 ·

156 587 214 647 hoc
236 586 289 647 ubi
312 604 446 665 quaeque
468 585 527 647 loci
548 590 631 665 regio
654 595 818 666 opportuna
841 586 976 668 dabatur,

77 691 137 741 791
157 674 333 737 crescebant
354 676 434 735 uteri
456 682 567 736 terram
589 675 738 737 radicibus
761 676 835 756 apti;

77 770 143 822 806
157 782 234 843 quos
256 762 309 824 ubi
330 770 464 841 tempore
486 770 601 823 maturo
624 764 804 843 patefecerat
825 770 905 825 aetas

157 852 317 932 infantum,
340 851 457 929 lugiens
479 869 613 913 umorem
637 870 781 931 aurasque
803 859 970 932 petessenS,
1051 875 1090 915 ero

158 938 348 1001 convertebat
370 938 412 999 ibi
434 946 538 1001 natura
561 940 704 1001 loramina
725 947 823 1001 terrae

158 1036 189 1089 et
212 1046 316 1089 sucum
337 1029 421 1088 venis
444 1027 567 1107 cogebat
584 1028 708 1089 lundere
732 1016 842 1107 apertis

80 1133 138 1183 800
158 1116 343 1177 consimilem
364 1115 463 1196 lactis,
486 1118 564 1177 sieut
585 1135 665 1178 nunc
686 1117 795 1177 lemina
818 1134 951 1196 quaeque

29 1196 53 1209 ”
80 1212 227 1265 81101111
249 1206 379 1285 peperit,
402 1203 482 1264 dulei
504 1204 637 1283 repletur
657 1204 746 1285 laete,
770 1204 848 1283 quod
870 1206 967 1265 omnis

157 1295 286 1372 impetus
309 1294 341 1353 in
363 1310 505 1352 mammas
528 1295 710 1353 convertitur
732 1292 782 1353 ille
805 1292 944 1353 alimenti.
1049 1314 1090 1356 ars

157 1388 237 1442 terra
260 1380 359 1442 eibum
382 1382 497 1462 pueris,
519 1387 632 1441 vestem
653 1399 756 1462 vapor,
777 1379 869 1442 herba
891 1380 988 1441 cubile

157 1467 319 1549 praebebat
339 1468 431 1529 multa
453 1475 485 1529 et
505 1468 587 1529 molli
609 1469 748 1547 lanugine
770 1468 930 1531 abundans.

81 1573 139 1635 8ορ
158 1564 190 1619 11
209 1560 324 1619 novitas
346 1556 449 1617 mundi
471 1575 527 1618 nee
549 1557 660 1635 lrigora
682 1548 756 1618 dura
779 1556 874 1619 ciebat

81 1654 143 1706 816
155 1665 212 1708 nec
234 1647 343 1706 nimios
365 1652 465 1705 aestus
487 1663 543 1705 nee
564 1648 679 1725 magnis
701 1645 813 1706 viribus
831 1664 926 1707 auras.

158 1735 257 1796 omnia
279 1735 358 1794 enim
381 1735 494 1812 pariter
515 1742 654 1795 creseunt
676 1741 706 1794 et
727 1733 834 1795 robora
857 1742 985 1795 sumunt.
1050 1758 1089 1799 mo

203 1822 300 1894 Quare
327 1824 416 1883 etiam
442 1828 529 1900 atque
555 1825 645 1883 etiam
667 1829 833 1883 maternum
854 1842 962 1884 nomen
985 1823 1087 1903 adepta

157 1919 238 1974 terra
260 1917 343 1972 tenet
364 1912 483 1992 merito,
506 1914 645 1989 quoniam
668 1930 761 1990 genus
783 1915 847 1990 ipsa
870 1916 977 1974 crearit

83 2017 139 2068 810
157 2001 320 2061 humanum
341 2005 428 2077 atque
451 1999 560 2059 animal
580 2018 674 2079 prope
697 2006 778 2061 certo
800 2007 933 2078 tempore
956 2000 1032 2061 ludit

83 2096 142 2150 821
160 2106 260 2169 omne,
283 2087 362 2166 quod
384 2089 416 2147 in
440 2089 552 2165 magnis
574 2086 734 2148 bacchatur
756 2086 897 2147 montibu'
919 2090 1043 2170 passim,

159 2179 312 2254 aeriasque
336 2175 424 2235 simul
446 2175 581 2235 volucres
602 2174 776 2236 variantibu’
798 2175 909 2235 formis,
1049 2198 1089 2239 aas

160 2265 212 2326 sed
235 2267 303 2343 quia
326 2264 415 2325 finem
438 2263 565 2342 aliquam
587 2263 723 2342 pariendi
744 2261 833 2324 debet
855 2262 977 2344 babere,

159 2353 286 2433 destitit,
308 2359 342 2412 ut
363 2351 470 2412 mulier
492 2353 586 2430 spatio
609 2351 725 2412 defessa
747 2357 871 2411 vetusto.

83 2448 252 2511 8111111111
275 2442 354 2502 enim
376 2439 480 2500 mundi
501 2446 637 2500 naturam
659 2441 749 2500 totius
772 2445 865 2519 aetas,

82 2537 146 2591 826
159 2548 197 2590 ex
219 2528 339 2607 alioque⁴
358 2528 433 2588 alius
456 2533 549 2588 status
572 2530 709 2606 excipere
732 2529 830 2588 omnia
852 2525 953 2607 debet,
1050 2550 1090 2591 sao

159 2636 215 2679 neo
237 2623 337 2678 manet
357 2615 417 2677 ulla
440 2617 487 2676 sui
510 2615 615 2676 similis
638 2634 700 2676 res:
723 2618 821 2676 omnia
842 2617 983 2697 migrant,

160 2708 257 2766 omnia
280 2711 440 2766 commutat
460 2710 565 2764 natura
588 2711 619 2764 et
640 2710 754 2765 vertere
779 2705 865 2781 cogit.

158 2812 285 2873 namque
309 2793 388 2855 aliud
411 2794 555 2871 putrescit
578 2799 607 2853 01
629 2810 700 2852 1010
723 2791 820 2853 debile
842 2791 973 2872 languet,

85 2900 141 2950 820
158 2900 248 2962 porro
271 2881 350 2942 aliud
376 2880 512 2942 clarescit
534 2887 563 2941 et
585 2897 601 2942 e
623 2879 840 2958 contemptibus
863 2881 930 2941 exit.

84 2978 142 3030 831
158 2973 201 3032 sie
223 2972 314 3050 igitur
335 2969 439 3029 mundi
460 2975 595 3029 naturam
618 2970 709 3028 totius
732 2975 813 3029 aetas

159 3065 265 3139 mutat,
288 3065 377 3119 etex
400 3056 457 3117 alio
480 3063 590 3118 terram
613 3062 707 3116 status
730 3057 840 3134 excipit
861 3054 949 3137 alter,
1050 3077 1090 3119 aaa

159 3146 236 3226 quod
259 3145 328 3207 tulit
349 3153 383 3207 ut
405 3151 545 3225 nequeat,
567 3146 664 3223 possit
686 3144 764 3222 quod
786 3161 846 3203 non
867 3142 937 3204 tulit
958 3151 1033 3204 ante.

201 3235 350 3314 Multaque
373 3241 436 3295 tum
459 3231 546 3293 tellus
570 3233 658 3293 etiam
681 3239 818 3310 portenta
841 3250 942 3292 creare

83 3342 138 3394 811
159 3330 291 3385 conatast
312 3324 388 3382 mira
411 3322 485 3382 lacie
508 3318 709 3398 membrisque
732 3327 845 3396 coorta,

83 3419 143 3474 836
157 3412 367 3492 androgynum,
374 3412 593 3488 interutrasque
601 3416 773 3491 necutrum,
780 3411 1089 3487 utrimqueremotum,

157 3501 228 3562 orba
250 3500 359 3588 pedum
382 3500 503 3580 partim,
525 3516 666 3559 manuum
688 3499 805 3559 viduata
827 3499 972 3576 vicissim,
1049 3518 1089 3559 eso
