2484 3800
158 174 202 239 40
644 173 671 226 Π

160 330 213 380 280
232 321 370 401 quiddam
393 321 470 401 quod
494 328 595 381 contra
616 337 748 399 pugnare
772 317 949 397 obstareque
972 317 1089 399 possit?

230 412 314 471 cuius
337 410 373 470 ad
397 409 552 470 arbitrium
576 426 692 488 quoquc
716 409 800 485 copia
822 409 957 467 materiai

231 500 346 577 cogitur
368 498 515 559 interdum
539 497 618 556 flecti
640 514 695 574 per
717 494 849 555 membra
871 513 926 573 per
948 503 1031 556 artus

231 593 260 647 et
282 588 412 665 proiecta
435 586 600 645 refrenatur
624 590 761 661 retroque
785 583 898 643 residit.

232 692 321 753 quare
344 676 376 735 in
399 672 561 734 seminibus
584 690 701 751 qnoque
724 670 802 731 idem
826 671 934 731 fateare
958 679 1122 751 necessest,

161 769 212 818 285
232 780 297 822 esse
319 761 405 823 aliam
428 767 546 840 praeter
567 759 666 839 plagas
690 766 719 819 et
741 758 871 838 pondera
894 776 1014 819 causam

230 850 372 931 motibus,
394 849 472 909 unde
496 848 567 909 haec
588 855 635 908 est
657 846 742 907 nobis
766 848 865 907 innata
887 854 1032 929 potestas3

231 938 267 999 de
290 937 351 999 nilo
373 939 510 1017 quoniam
533 937 599 995 fieri
620 935 662 995 nil
685 953 772 1014 posse
795 935 937 995 videmus.

231 1027 346 1106 pondus
369 1028 447 1086 enim
469 1023 606 1103 prohibet
628 1042 665 1083 ne
688 1022 781 1101 plagis
804 1024 902 1083 omnia
924 1024 997 1083 fiant

231 1122 352 1175 externa
376 1115 459 1193 quasi
481 1115 524 1172 ri:
547 1112 599 1172 sed
622 1129 660 1171 ne
682 1129 767 1171 mens
790 1113 854 1189 ipsa
876 1129 1035 1172 necessum

162 1211 214 1260 290
227 1205 404 1270 intestinum
427 1200 533 1261 habeat
554 1202 669 1260 cunctis
692 1201 724 1259 in
745 1198 836 1259 rebus
858 1198 980 1278 agendis

232 1297 262 1352 et
284 1291 396 1351 devicta
419 1291 503 1368 quasi
526 1295 648 1365 cogatur
669 1288 747 1347 ferre
769 1289 902 1367 patique,

231 1379 262 1438 id
285 1378 355 1439 facit
376 1380 515 1456 exiguum
537 1376 682 1436 clinamen
704 1377 918 1453 principiorum

232 1485 287 1527 uec
310 1468 430 1544 regione
452 1465 510 1525 loci
532 1471 612 1524 certa
635 1481 690 1523 nec
712 1470 845 1541 tempore
868 1469 958 1522 certo.

276 1553 337 1614 Nec
360 1555 464 1631 stipata
486 1554 580 1630 magis
602 1552 658 1612 fuit
679 1568 819 1629 umquam
841 1552 976 1611 materiai

164 1650 215 1699 noo
234 1644 317 1720 copia
339 1659 395 1701 nec
417 1658 505 1719 porro
528 1639 690 1700 maioribus
713 1637 886 1699 intervallis:

233 1748 302 1790 nam
322 1746 418 1808 neque
441 1728 609 1806 adaugescit
632 1729 788 1806 quicquam
811 1744 906 1805 neque
930 1725 1047 1805 deperit
1071 1726 1147 1787 inde.

234 1823 411 1897 quapropter
434 1833 492 1895 quo
514 1834 593 1875 nunc
615 1817 647 1874 iu
669 1822 751 1875 motu
773 1816 988 1893 principiorum

234 1924 356 1985 corpora
380 1912 461 1986 sunt,
484 1908 515 1964 in
537 1905 641 1964 eodem
664 1911 731 1964 ante
754 1910 818 1963 acta
842 1910 935 1964 aetate
959 1902 1044 1963 fuere

234 2000 353 2073 etpost
374 1993 446 2053 haec
469 2011 585 2071 semper
608 1992 699 2051 simili
721 1993 834 2051 ratione
859 1991 1005 2072 ferentur,

165 2090 265 2144 sonet
287 2099 361 2162 quae
384 2087 564 2141 consuerunt
586 2081 666 2158 gigni
689 2081 846 2158 gignentur
869 2079 971 2139 eadem

234 2171 406 2232 condicione
429 2175 459 2230 et
481 2175 568 2229 erunt
590 2174 620 2228 et
642 2174 776 2227 crescent
798 2169 884 2246 vique
907 2165 1059 2247 valebunt,

234 2266 375 2339 quantum
398 2259 503 2336 cuique
527 2256 655 2315 datumst
677 2273 731 2334 per
752 2254 870 2315 foedera
893 2256 1017 2314 naturai.

234 2366 290 2409 neo
312 2364 411 2407 rerum
435 2362 578 2406 summam
601 2349 780 2403 commutare
803 2342 862 2402 ulla
884 2349 983 2421 potest
1005 2344 1064 2402 ris:

233 2455 302 2496 nam
324 2451 420 2512 neque
444 2451 501 2511 quo
524 2433 619 2510 possit
642 2448 734 2508 genus
757 2429 849 2491 ullum
871 2431 1006 2491 materiai

165 2532 216 2582 30⁶
234 2522 381 2585 imotenso
398 2522 527 2598 effugere
545 2538 581 2580 er
600 2521 681 2578 omni
698 2519 893 2598 quicquamst,
915 2535 1012 2596 neque
1030 2519 1062 2578 in
1082 2536 1169 2578 omne

234 2611 313 2672 unde
336 2616 435 2670 coorta
458 2614 545 2686 queat
567 2609 707 2667 novaris
730 2609 900 2685 inrumpere
924 2612 954 2666 et
976 2623 1097 2666 omnem

235 2707 370 2760 naturam
392 2714 493 2757 rerum
515 2702 629 2755 mutare
652 2700 681 2754 et
703 2701 817 2755 vertere
841 2701 947 2755 motus.

279 2786 353 2846 lllud
376 2787 408 2845 in
430 2784 477 2844 his
500 2782 589 2843 rebus
612 2800 671 2843 non
694 2789 740 2842 est
762 2780 911 2861 mirabile,
934 2798 1039 2862 quare,

236 2877 333 2936 omnia
355 2891 422 2935 cum
444 2890 545 2933 rerum
567 2869 728 2949 primordia
751 2872 811 2929 sint
833 2872 864 2929 in
886 2876 982 2950 motu,

167 2973 218 3022 310
237 2980 349 3025 summa
372 2968 470 3021 tamen
493 2976 607 3020 summa
630 2956 763 3018 videatur
786 2964 863 3017 stare
887 2959 1000 3037 quiete,

235 3058 462 3132 praeterquam
486 3046 584 3126 siquid
606 3047 726 3124 proprio
750 3045 799 3104 dat
822 3062 944 3123 corpore
967 3052 1076 3106 motus.

236 3141 332 3201 omnis
355 3139 435 3197 enim
457 3135 543 3215 longe
566 3135 676 3195 uostris
699 3133 735 3193 ab
758 3132 894 3193 sensibus
918 3132 994 3192 infra

235 3231 399 3309 primorum
421 3232 524 3285 natura
547 3225 635 3304 iacet3
659 3228 849 3303 quapropter,
872 3220 925 3281 uhi
947 3223 1012 3300 ipsa

236 3333 358 3379 cernere
386 3315 444 3373 iam
470 3330 613 3392 nequeas,
640 3318 737 3371 motus
760 3328 877 3389 quoque
901 3327 1025 3390 surpere
1049 3309 1176 3392 debent;

166 3414 218 3464 315
235 3404 411 3486 praesertim
433 3418 514 3480 cum,
537 3418 611 3478 quae
634 3402 782 3478 possimus
805 3416 942 3481 comere,
965 3398 1064 3460 celent

236 3513 324 3574 saepe
345 3499 443 3553 tamen
467 3494 578 3569 motus,
601 3490 696 3566 spatio
719 3487 838 3549 diducta
859 3486 1001 3549 locorum.
