2484 3800
579 154 619 207 IV
1045 154 1107 219 109

169 302 249 362 unde
272 300 347 362 sciat
369 301 440 379 quid
463 303 502 361 sit
525 304 601 362 scire
625 309 655 362 et
676 304 792 363 nescire
815 304 959 382 vicissim,
1067 323 1106 364 ere

169 392 306 450 notitiam
329 392 393 449 veri
414 407 489 467 quae
512 408 561 449 res
583 390 708 469 falsique
731 392 851 470 crearit,

95 494 151 545 460
171 485 202 538 et
224 477 348 537 dubium
370 484 451 537 certo
475 496 550 556 quae
572 496 621 539 res
645 478 764 538 differre
787 477 927 557 probarit.

95 582 153 633 470
170 568 305 626 invenies
326 567 432 644 primis
455 564 491 625 ab
515 565 652 628 sensibus
676 584 740 627 esse
764 573 892 627 creatam

170 656 307 714 notitiem
329 656 403 734 reri,
426 672 524 733 neque
547 658 652 715 sensus
674 672 761 733 posse
785 654 888 715 reielli.

170 760 240 803 nam
262 744 374 802 maiore
395 742 453 801 fide
476 741 565 802 debet
586 745 747 821 reperirier
769 741 854 822 illud,
1066 764 1106 805 400

171 837 276 909 sponte
300 849 353 891 sua
375 831 453 890 veris
477 830 555 908 quod
577 833 673 909 possit
694 833 812 891 vincere
836 830 919 890 falsa:

94 918 243 997 seuquid
265 920 376 979 maiore
398 917 456 978 fide
478 936 567 997 porro
592 937 679 997 quam
702 937 806 980 sensus
829 918 932 978 haberi

93 1022 152 1073 481
171 1003 281 1067 debet?
316 1025 354 1066 an
376 1005 413 1066 ab
436 1023 526 1066 sensu
548 1006 621 1067 ialso
644 1008 719 1067 ratio
743 1014 807 1067 orta
829 1005 936 1067 valebit

171 1095 272 1155 dicere
295 1112 347 1154 eos
369 1100 485 1174 contra,
508 1097 582 1174 quae
605 1101 666 1154 tota
689 1094 725 1155 ab
749 1094 885 1155 sensibus
908 1090 1024 1173 aptast?

172 1185 224 1262 qui
246 1184 306 1243 nisi
328 1188 398 1243 sunt
419 1185 495 1262 veri,
518 1184 593 1242 ratio
616 1200 733 1262 quoque
757 1182 828 1243 falsa
850 1184 884 1244 fit
907 1185 1010 1243 omnis.
1067 1203 1107 1245 ros

171 1289 210 1331 an
231 1277 372 1350 poterunt
394 1270 494 1330 oculos
518 1288 605 1331 aures
627 1271 859 1351 reprehendere,
882 1289 919 1330 an
942 1288 1029 1331 aures

94 1376 152 1427 tvo
170 1355 289 1419 tactus?
324 1376 363 1419 an
384 1358 463 1419 hunc
484 1376 574 1437 porro
596 1366 707 1419 tactum
730 1377 817 1438 sapor
839 1366 943 1437 arguet
965 1361 1039 1439 oris,

95 1464 156 1517 486
170 1466 209 1507 an
233 1446 425 1508 confutabunt
446 1464 534 1507 nares
557 1446 670 1507 oculive
693 1444 866 1507 revincent?

171 1554 244 1616 non,
266 1542 300 1595 ut
323 1536 441 1615 opinor,
463 1537 540 1595 itast
576 1553 645 1595 nam
668 1554 802 1595 seorsum
826 1538 932 1614 cuique
955 1542 1086 1614 potestas

171 1624 307 1704 divisast,
330 1625 451 1683 suavis
474 1625 622 1704 cuiquest,
645 1623 770 1702 ideoque
793 1631 944 1685 necessest
1067 1646 1108 1685 400

172 1720 203 1772 et
225 1711 303 1791 quod
326 1710 413 1771 molle
437 1713 476 1771 sit
498 1718 529 1771 et
550 1711 679 1789 gelidum
702 1712 854 1773 fervensve
878 1730 1013 1773 seorsum

93 1817 152 1874 ι470
171 1808 203 1861 et
225 1817 359 1860 seorsum
381 1801 478 1859 varios
500 1816 601 1859 rerum
625 1801 734 1860 sentire
758 1800 885 1882 colores,

98 1906 152 1957 491
169 1882 179 1972 Η
193 1895 224 1949 et
246 1905 447 1967 quaecumque
470 1886 610 1949 coloribn’
634 1890 694 1948 sint
716 1890 871 1950 coniuncta
893 1888 1007 1949 videre:
1027 1884 1037 1968 ΙΙ

172 1994 292 2038 seorsus
314 1978 387 2036 item
409 1993 497 2054 sapor
520 1978 580 2036 oris
602 1976 691 2037 habet
713 1979 785 2058 vim,
808 1996 927 2038 seorsus
951 1977 1056 2037 odores

170 2072 346 2144 nascuntur,
369 2082 486 2124 sorsum
508 2067 630 2124 sonitus.
667 2065 792 2144 ideoque
815 2072 966 2125 necessest
1066 2084 1105 2126 495

171 2171 233 2213 non
254 2155 370 2231 possint
391 2152 464 2212 alios
486 2152 538 2212 alii
560 2154 734 2212 convincere
758 2171 885 2235 sensus,

98 2259 228 2309 asenec
250 2259 339 2319 porro
361 2247 501 2320 poterunt
523 2241 582 2319 ipsi
604 2240 821 2319 reprehendere
845 2257 924 2320 sese,

98 2347 155 2398 496
170 2347 264 2408 aequa
285 2328 359 2389 fides
383 2331 521 2407 quoniam
544 2327 664 2388 debebit
686 2346 804 2407 semper
826 2327 937 2388 haberi.

171 2417 296 2497 proinde
315 2416 393 2495 quod
411 2418 443 2476 in
461 2423 608 2496 quoquest
624 2416 672 2476 his
690 2419 785 2477 visum
803 2423 945 2496 tempore,
965 2424 1104 2477 verumst.

172 2513 203 2566 et
226 2507 333 2565 sinon
355 2507 466 2584 poterit
487 2506 562 2564 ratio
585 2503 745 2564 dissolvere
769 2522 901 2583 causam,
1066 2526 1107 2567 ooo

173 2611 227 2654 cur
250 2611 284 2653 ea
307 2611 381 2671 quae
404 2593 515 2652 inerint
537 2594 642 2652 iuxtim
666 2592 819 2673 quadrata,
840 2591 944 2671 procul
967 2594 1027 2652 sint

101 2698 153 2748 400
172 2683 234 2741 visa
257 2681 396 2761 rutunda,
419 2688 518 2740 tamen
539 2687 670 2759 praestat
691 2682 814 2740 rationis
837 2687 972 2758 egentem

102 2786 156 2838 501
173 2769 298 2830 reddere
320 2768 461 2828 mendose
484 2786 587 2828 causas
609 2770 764 2847 utriusque
788 2769 911 2848 figurae,

173 2875 261 2936 quam
283 2856 419 2917 manibus
439 2856 596 2916 manifesta
618 2857 680 2917 suis
704 2859 839 2916 emittere
863 2873 1010 2935 quoquam

172 2953 203 3006 et
224 2944 334 3005 violare
357 2944 446 3004 fidem
467 2946 592 3022 primam
616 2952 646 3004 et
669 2943 832 3005 convellere
855 2950 915 3004 tota
1069 2966 1108 3008 000

173 3033 362 3095 fundamenta
384 3032 492 3111 quibus
514 3034 633 3093 nixatur
655 3034 714 3092 vita
735 3032 880 3111 salusque.

103 3139 154 3189 400
172 3139 233 3182 non
253 3121 341 3182 modo
364 3123 443 3180 enim
466 3123 540 3180 ratio
563 3129 630 3182 ruat
652 3122 761 3201 omnis,
784 3122 843 3180 vita
866 3138 982 3200 quoque
1006 3122 1070 3200 ipsa

103 3227 157 3279 506
174 3209 310 3270 concidat
331 3208 491 3289 extemplo,
514 3211 573 3269 nisi
595 3208 717 3270 credere
741 3208 877 3269 sensibus
900 3211 994 3289 ausis,

598 3316 617 3354 ss

171 3386 400 3466 praecipitisque
423 3386 504 3447 locos
527 3387 619 3447 vitare
642 3393 672 3446 et
694 3392 793 3446 cetera
815 3403 889 3465 quae
913 3387 972 3445 sint

172 3477 204 3535 in
226 3493 335 3554 genere
357 3475 413 3535 hoc
437 3474 587 3555 fugienda,
611 3476 697 3554 sequi
720 3476 866 3536 contraria
889 3491 963 3552 quae
988 3475 1054 3534 sint.
1068 3495 1109 3536 51⁰
