2484 3800
582 139 609 193 Π

71 303 115 351 25
139 284 292 365 lampadas
315 286 455 363 igniferas
477 286 613 347 manibus
637 289 794 348 retinentia
817 286 941 369 dextris,

139 374 253 434 lumina
276 376 429 434 nocturnis
452 374 547 453 epulis
571 382 604 436 ut
627 374 864 455 suppeditentur,

140 480 197 522 nec
221 462 326 522 domus
350 470 471 542 argento
495 462 617 541 fulgenti
640 481 770 541 auroque
793 463 921 543 renidet,

140 569 197 611 nec
221 551 350 611 citharae
373 550 496 611 reboant
518 551 651 629 laqueata
674 559 832 629 aurataque
855 558 945 630 tecta,

141 656 211 699 cum
233 645 332 698 tamen
355 639 433 699 inter
456 658 487 699 se
511 641 653 718 prostrati
674 642 705 700 in
728 640 859 717 gramine
882 638 964 699 molli

75 742 119 792 30
140 734 265 806 propter
287 744 379 805 aquae
402 729 499 787 rivum
521 726 576 787 sub
599 729 689 787 ramis
713 726 827 788 arboris
850 726 924 787 altae

140 833 204 875 non
226 816 342 892 magnis
365 813 470 893 opibus
491 815 618 876 iucunde
643 833 766 893 corpora
788 822 905 895 curant,

141 904 318 983 praesertim
341 921 410 963 cum
432 910 592 982 tempestas
615 903 730 963 adridet
753 910 782 963 et
804 904 874 963 anni

140 998 277 1069 tempora
299 999 498 1069 conspergrmt
520 991 674 1051 viridantis
697 990 819 1051 floribus
842 988 957 1051 berbas.

142 1097 200 1140 nec
222 1078 332 1139 calidae
356 1081 445 1139 citius
468 1079 616 1139 decedunt
639 1096 762 1157 corpore
785 1078 897 1158 febres,

80 1184 121 1232 35
141 1166 296 1227 textilibus
319 1169 346 1226 si
368 1168 400 1226 in
422 1169 546 1246 picturis
570 1174 709 1246 ostroque
732 1166 852 1227 rubenti
1023 1236 1024 1240 Ἰ

142 1257 276 1335 iacteris,
299 1273 386 1334 quam
409 1258 436 1315 si
458 1257 489 1315 in
511 1254 626 1334 plebeia
649 1261 729 1315 veste
752 1253 953 1315 cubandumst.

143 1350 324 1422 quapropter
347 1345 485 1422 quoniam
508 1341 551 1402 nil
573 1349 674 1403 nostro
698 1344 729 1403 in
752 1360 875 1421 corpore
899 1359 984 1419 gazae

140 1432 303 1512 proficiunt
324 1449 421 1509 neque
443 1429 582 1491 nobilitas
604 1449 660 1491 nec
683 1430 775 1508 gloria
797 1431 894 1510 regni,

142 1518 223 1599 quod
251 1526 400 1599 superest,
427 1521 524 1579 animo
552 1537 669 1597 quoque
691 1518 734 1578 nil
756 1518 896 1597 prodesse
919 1516 1094 1595 putandum:

82 1624 122 1673 40
143 1610 173 1667 si
195 1624 255 1667 non
278 1607 354 1667 forte
376 1613 442 1667 tuas
465 1607 596 1684 legiones
618 1624 673 1685 per
696 1605 758 1666 loca
781 1608 878 1684 campi

142 1696 259 1755 fervere
283 1713 351 1756 cum
372 1694 484 1774 videas,
506 1694 577 1755 belli
600 1694 756 1755 simulacra
780 1697 897 1774 cientis

142 1782 285 1845 subsidiis
308 1785 422 1861 magnis
445 1790 475 1843 et
497 1800 604 1861 equom
627 1784 656 1841 vi
679 1782 891 1863 constabilitas,

142 1878 263 1932 ornatas
286 1873 377 1932 armis
398 1872 511 1950 pariter
532 1873 701 1950 pariterque
725 1874 878 1952 animatas

586 1978 604 2017 s

143 2049 260 2109 fervere
284 2066 351 2109 cum
374 2048 474 2108 rideas
498 2047 622 2115 classem
645 2046 760 2125 lateque
784 2049 895 2127 vagari,

142 2137 193 2198 bis
215 2135 269 2196 tibi
292 2143 356 2198 tum
377 2135 467 2197 rebus
489 2135 655 2196 timefactae
678 2134 836 2213 religiones

85 2244 123 2292 45
144 2225 291 2302 effugiunt
313 2227 410 2285 animo
433 2223 550 2304 pavide,
573 2225 735 2301 mortisque
757 2225 880 2283 timores

143 2320 210 2373 tum
231 2330 355 2372 vacnum
377 2320 482 2391 pectus
505 2311 619 2371 lincunt
642 2329 769 2389 curaque
794 2310 929 2370 solutum.

145 2400 224 2479 quod
249 2402 275 2460 si
297 2400 421 2460 ridicula
443 2400 515 2460 baec
537 2399 722 2478 ludibriaque
746 2417 810 2458 esse
833 2397 978 2476 videmus,

144 2507 179 2549 re
202 2506 329 2567 veraque
351 2494 448 2548 metus
470 2487 624 2547 bominum
646 2505 792 2565 curaeque
816 2503 956 2564 sequaces

145 2595 202 2637 nec
223 2582 360 2636 metuunt
382 2578 497 2636 sonitus
520 2593 668 2636 armorum
691 2593 746 2634 nec
769 2575 832 2634 fera
853 2573 911 2634 tela

85 2683 125 2732 50
146 2664 343 2743 audacterque
365 2667 444 2724 inter
467 2681 552 2741 reges
576 2681 734 2741 rerumque
757 2664 885 2741 potentis

145 2759 301 2813 versantur
322 2771 418 2831 neque
441 2751 585 2830 fulgorem
608 2757 779 2811 reverentur
801 2749 836 2810 ab
860 2768 931 2809 auro

145 2859 201 2901 nec
224 2840 337 2914 clarum
359 2841 449 2901 vestis
473 2838 660 2917 splendorem
681 2840 854 2919 purpureai,

146 2929 217 3008 quid
241 2928 358 2989 dubitas
382 2929 453 3006 quin
476 2927 563 2987 omni’
587 2929 627 2986 sit
648 2926 721 2987 haec
743 2927 857 2987 rationi’
879 2922 1032 3005 potestas?

145 3019 243 3077 omnis
266 3034 333 3076 cum
356 3019 388 3076 in
410 3014 541 3076 tenebris
563 3017 738 3093 praesertim
761 3017 819 3075 vita
842 3013 967 3074 laboret:

85 3125 125 3171 os
145 3123 214 3166 nam
236 3104 327 3165 veluti
348 3106 435 3183 pueri
456 3103 604 3182 trepidant
628 3110 714 3181 atque
738 3105 836 3163 omnia
859 3104 954 3162 caecis

144 3193 332 3254 intenebris
355 3199 503 3272 metuunt,
526 3192 569 3250 sic
591 3209 645 3251 nos
669 3193 700 3251 in
723 3191 788 3252 luce
811 3193 949 3251 timemus

144 3282 308 3362 interdum,
330 3280 391 3340 nilo
415 3298 489 3358 qnae
513 3286 581 3339 sunt
603 3279 761 3339 metuenda
783 3281 876 3357 magis
900 3296 987 3356 quam

145 3388 219 3449 quae
242 3370 329 3449 pueri
351 3370 382 3428 in
404 3367 535 3429 tenebris
558 3369 688 3447 pavitant
710 3368 882 3446 finguntque
906 3366 1010 3426 futura.

143 3459 224 3520 bunc
247 3460 337 3538 igitur
358 3465 504 3519 terrorem
527 3458 617 3516 animi
640 3455 835 3536 tenebrasque
859 3463 1010 3517 necessest

143 3569 288 3610 Luonsnms.
302 3569 336 3610 ed.
350 3567 417 3608 Bria
422 3579 476 3618 ger.
870 3562 885 3610 3
