2484 3800
591 161 617 215 Π

162 305 223 366 sed
245 308 338 385 magis
362 305 484 368 adsiduo
506 309 645 387 varioque
669 311 797 369 exercita
820 316 903 371 motu

160 396 276 473 partim
299 394 460 455 intervallis
482 399 597 474 magnis
620 396 749 457 33313113
771 397 928 480 resultant,

160 500 237 561 pars
262 485 349 543 etiam
371 482 520 544 brevibus
534 486 637 563 spatiis
659 492 802 545 vexantur
825 485 860 545 ab
883 489 952 547 1313.

80 576 139 626 100
162 577 198 631 31
222 589 424 650 quaecumque
447 574 540 649 magis
563 572 712 633 condenso
736 573 893 636 conciliatu

163 661 285 737 exiguis
307 659 468 720 intervallis
492 668 631 721 convecta
653 660 809 742 resultant,

162 746 340 826 indupedita
363 750 425 808 suis
448 748 597 827 perplexis
619 752 684 827 ipsa
706 750 823 830 liguris,

164 835 241 895 haec
264 834 374 895 validas
398 838 461 895 saxi
483 837 597 897 radices
621 843 651 896 et
673 837 735 898 1313
757 838 830 899 13111

165 941 293 1001 corpora
316 926 499 985 constituunt
521 931 551 984 et
573 931 672 984 cetera
694 923 730 987 de
753 943 860 1003 genere
883 926 988 987 horum

84 1021 142 1069 105
164 1011 301 1091 paucula.
339 1030 413 1090 quae
435 1029 524 1091 porro
547 1030 686 1090 magnum
708 1032 763 1092 per
784 1016 871 1074 inane
895 1024 1034 1092 vagantur

593 1120 610 1157 ’l‘

164 1195 267 1248 cetera
290 1186 441 1247 dissiliunt
462 1187 548 1267 longe
570 1187 715 1267 longeque
738 1197 892 1250 recursant

165 1278 200 1336 in
222 1277 337 1354 magnis
359 1275 534 1336 intervallis:
556 1276 629 1337 haec
652 1282 719 1337 aera
743 1295 842 1338 rarum

166 1365 321 1425 sufficiunt
342 1363 429 1423 331113
453 1371 483 1424 31
505 1363 658 1443 splendida
680 1364 791 1425 lumina
814 1365 893 1426 33113.

164 1452 317 1530 multaque
340 1459 493 1531 praeterea
516 1471 655 1530 magnum
678 1456 841 1532 perinane
864 1463 1017 1538 vagantur,

87 1548 144 1597 110
166 1540 302 1601 333311113
325 1558 426 1600 133331
450 1558 523 1619 quae
547 1548 616 1602 sunt
638 1543 748 1602 reiecta
769 1560 825 1602 nec
847 1561 970 1621 usquam

166 1631 337 1689 consociare
361 1630 450 1688 etiam
472 1636 570 1688 motus
593 1636 715 1708 potuere
739 1637 865 1709 recepta.

167 1719 267 1797 euius,
288 1718 334 1778 uti
356 1733 501 1797 memoro,
523 1719 568 1776 rei
591 1717 781 1779 simulacrum
805 1726 834 1779 et
857 1722 951 1797 imago

166 1811 234 1866 3313
259 1804 360 1865 333133
383 1822 501 1883 semper
523 1805 608 1865 331113
631 1813 767 1867 13133131
788 1814 818 1867 31
840 1809 938 1868 instat.

167 1891 382 1973 contemplator
404 1895 497 1973 enim,
520 1912 587 1954 cum
610 1893 681 1954 33113
704 1894 815 1955 lumina
838 1915 962 1976 cumque

89 1992 144 2040 115
166 1984 273 2043 1333111
296 1981 423 2042 fundunt
445 1982 520 2042 radii
537 2000 591 2062 per
615 2001 704 2061 opaca
726 1983 893 2044 domorum:

166 2069 259 2131 multa
281 2073 393 2131 minuta
414 2069 510 2130 modis
533 2070 634 2131 multis
657 2089 711 2149 per
733 2073 819 2131 inane
841 2072 954 2133 videbis

167 2177 292 2238 corpora
314 2160 444 2238 misceri,
465 2158 616 2218 radiorum
639 2158 749 2220 lumine
772 2161 803 2219 in
826 2161 904 2240 ipsc,

167 2255 197 2308 et
220 2245 300 2307 velut
322 2253 442 2307 3313133
466 2248 626 2306 certamine
648 2246 761 2325 proelia
782 2264 895 2326 pugnas

166 2335 256 2396 edere
278 2336 429 2395 turmatim
452 2336 594 2395 certantia
616 2352 671 2394 nec
695 2335 764 2394 dare
787 2353 921 2417 pausam,

89 2433 147 2481 130
167 2421 301 2484 conciliis
324 2430 354 2483 et
376 2422 510 2483 discidiis
533 2425 663 2483 exercita
686 2422 812 2503 crebris3

167 2513 304 2572 conicere
327 2518 360 2571 ut
381 2513 479 2589 possis
502 2528 537 2570 ex
560 2510 631 2590 hoc,
652 2510 814 2589 primordia
836 2529 937 2571 rerum

167 2599 252 2678 quale
276 2601 315 2659 sit
336 2601 369 2659 13
390 2616 495 2677 magno
519 2600 622 2658 iactari
646 2616 763 2678 semper
784 2601 873 2659 inani.

167 2686 330 2767 dumtaxat,
352 2705 454 2748 rerum
475 2703 647 2765 magnarum
669 2705 758 2765 parva
779 2693 878 2766 potest
899 2705 948 2747 res

167 2775 334 2854 exemplare
357 2775 428 2835 dare
450 2781 480 2835 et
502 2777 625 2853 vestigia
646 2777 769 2835 notitiai.

91 2873 146 2923 125
165 2863 223 2924 1133
246 2865 335 2923 311313
357 2865 449 2941 magis
472 2863 544 2923 11333
567 2864 698 2923 animum
720 2870 749 2923 te
773 2863 925 2923 advertere
948 2882 1002 2942 par
1024 2872 1069 2924 331

167 2969 291 3031 corpora
314 2969 388 3030 quae
411 2953 442 3011 13
466 2950 536 3010 33113
559 2951 650 3010 radiis
673 2950 791 3011 turbare
814 2951 963 3032 videntur,

167 3039 245 3119 quod
268 3038 342 3100 tales
364 3039 467 3100 turbae
490 3046 588 3100 motus
611 3057 727 3118 quoque
750 3041 886 3100 materiai

166 3129 334 3206 significant
356 3127 553 3188 clandestinos
575 3145 736 3206 caecosque
759 3126 890 3189 subesse.

165 3215 258 3276 multa
279 3216 393 3276 videbis
416 3217 496 3276 enim
517 3214 611 3294 plagis
634 3213 676 3274 1111
698 3217 810 3294 percita
833 3219 929 3276 caecis

91 3314 146 3364 130
166 3312 347 3365 commutare
369 3305 445 3364 viam
468 3310 608 3381 retroque
631 3303 749 3381 repulsa
771 3307 892 3384 reverti,

165 3393 325 3454 33331133
348 3411 427 3453 3333
449 3392 532 3473 illue,
555 3393 586 3451 in
608 3399 729 3453 3333133
752 3392 883 3472 undique
906 3393 1007 3470 partis.

165 3481 363 3564 scilicetne
385 3501 402 3542 a
424 3481 579 3560 principiis
602 3488 648 3541 est
671 3480 808 3543 omnihus
832 3499 922 3542 error.

851 3579 887 3634 3*
