2484 3800
378 822 780 910 PROLEGOMENA.

167 1101 293 1161 Carmen
306 1098 515 1160 Lucretianum
534 1119 601 1161 cum
620 1107 650 1160 et
667 1103 801 1179 proximo
821 1101 936 1162 saeculo
951 1108 981 1161 et
993 1103 1082 1162 huius

76 1189 189 1250 saeculi
214 1190 321 1268 primis
348 1187 450 1247 lustris
477 1187 513 1248 ab
540 1188 710 1249 hominihus
737 1192 817 1249 omni
843 1189 889 1250 vel
914 1209 1014 1251 rerum
1036 1190 1082 1250 vel

75 1281 149 1338 artis
178 1279 283 1336 notitia
311 1276 460 1336 destitutis
488 1283 537 1336 aut
559 1280 725 1337 temerariis
747 1277 793 1336 vel
816 1277 930 1338 stolidis
954 1279 1082 1338 incredi-

74 1367 168 1427 bilem
191 1368 223 1424 in
245 1365 364 1424 modum
388 1371 559 1444 corruptum
582 1372 670 1445 esset,
692 1365 822 1426 restituit
844 1366 1014 1428 felicissime
1038 1369 1082 1427 vir

75 1463 104 1516 et
138 1455 259 1532 ingenie
291 1459 321 1513 et
352 1452 485 1512 doctrina
517 1471 594 1513 unus
627 1456 759 1514 omnium
789 1457 929 1535 princeps
959 1454 1081 1516 Carolus

74 1543 290 1604 Lachmannus.
336 1543 393 1600 iam
421 1559 489 1601 cum
514 1548 618 1620 pectus
646 1542 780 1602 hortetur
807 1549 840 1602 ut
862 1546 893 1603 in
915 1544 1003 1603 huius
1026 1546 1082 1603 viri

74 1632 179 1693 laudes
202 1648 250 1690 me
269 1629 426 1710 effundam,
449 1633 596 1689 succurrit
616 1629 688 1690 illud
708 1630 744 1689 ab
763 1630 899 1691 omnibus
916 1632 1082 1712 probatum,

74 1721 298 1782 Lachmannum
328 1716 447 1777 laudare
478 1716 551 1778 velle
584 1718 772 1778 ambitiosum
800 1737 873 1779 esse.
924 1720 1002 1798 qued
1031 1722 1083 1799 qui

74 1812 191 1888 primus
220 1806 294 1870 dixit
316 1805 439 1866 Iacobus
461 1804 639 1884 Bernapsius
665 1825 741 1867 anno
764 1806 939 1868 MDCCCLII
964 1826 1083 1868 carmen

75 1898 112 1958 de
135 1915 238 1957 rerum
261 1902 364 1955 natura
388 1889 604 1977 ‘recognitum’,
627 1902 661 1955 ut
684 1897 748 1974 ipse
766 1895 982 1956 modestissime
1002 1896 1083 1978 dicit,

76 1986 171 2045 edidit
194 1983 361 2062 sumptibus
379 1983 600 2043 Teubnerianis
642 1986 694 2062 qui
714 1986 767 2064 vir,
791 2004 848 2063 quo
868 1991 931 2045 erat
949 1987 1081 2045 acumine

76 2091 193 2152 quaque
225 2078 255 2131 et
286 2074 432 2131 sermonis
458 2070 555 2132 Latini
587 2079 616 2131 et
647 2071 849 2151 philosophiae
882 2075 1018 2153 scientia,
1050 2081 1083 2133 ut

75 2170 212 2241 tempore
243 2161 395 2237 proximus
427 2177 443 2218 a
469 2158 656 2220 Lachmanno
683 2162 752 2241 fuit,
783 2164 824 2221 ita
853 2163 941 2220 etiam
967 2163 1082 2220 meritis

76 2249 112 2309 ab
141 2266 176 2308 eo
206 2253 285 2307 esset
306 2250 471 2327 proximuS,
498 2250 556 2307 nisi
583 2250 672 2308 nimis
699 2247 782 2308 brevi
810 2251 904 2327 spatie
927 2250 1082 2308 interiecto

77 2339 159 2398 unici
186 2337 244 2395 riri
267 2338 439 2395 auctoritate
462 2343 672 2413 praegravante
696 2355 749 2396 suo
772 2339 837 2415 ipse
859 2336 968 2395 iudicio
991 2338 1082 2394 inter-

77 2426 148 2486 dum
175 2441 236 2483 non
263 2429 377 2483 tantum
402 2430 543 2501 quantum
570 2442 624 2502 par
652 2431 715 2484 erat
745 2424 907 2485 tribuisset.
953 2423 1031 2501 qued
1055 2426 1084 2484 ei

76 2513 221 2573 accidisse
239 2529 335 2592 nemo,
359 2513 471 2591 opinor,
494 2510 658 2592 mirabitur,
681 2514 733 2591 qui
751 2515 815 2591 ipse
837 2514 973 2591 senserit,
996 2531 1082 2590 quam

77 2599 198 2661 difficile
218 2605 298 2659 esset
315 2602 430 2660 recenti
447 2598 527 2661 iilius
546 2616 639 2677 paene
658 2600 749 2659 diuini
763 2601 876 2677 ingenii
890 2600 1083 2660 admiratione

77 2689 111 2749 ab
141 2707 177 2749 eo
206 2688 372 2747 dissentire.
417 2690 516 2767 itaque
539 2686 732 2767 Bernaysium
760 2706 866 2748 censeo
889 2687 935 2747 vel
957 2692 1082 2749 maxime

77 2776 256 2839 laudandum
275 2794 341 2835 esse
360 2778 391 2835 iu
410 2778 462 2857 eis,
482 2795 555 2855 quae
575 2795 591 2836 a
609 2775 796 2836 Lachmanno
814 2776 969 2836 discedens
984 2795 1084 2836 emen·

77 2866 168 2946 davit,
197 2864 396 2925 excusandum
423 2882 505 2945 vere,
533 2865 559 2925 si
587 2864 703 2943 quando
731 2862 776 2924 vel
804 2883 870 2924 cum
898 2864 1083 2924 Lachmanno

75 2954 120 3014 vel
154 2970 222 3012 eum
255 2950 320 3011 aliis
356 2952 403 3013 rel
439 2952 519 3013 solus
559 2954 675 3012 errarit.
730 2953 835 3031 quodsi
866 2959 1084 3031 perseverasset

75 3045 105 3102 in
133 3040 256 3101 Lucreti
286 3041 493 3118 perscrutandi
525 3039 700 3100 emendandi
731 3040 945 3118 interpretandi
977 3039 1084 3119 studio,

74 3149 134 3191 non
158 3128 262 3189 dubito
286 3130 357 3208 quin
381 3148 415 3190 eo
434 3136 630 3208 perventurus
648 3129 747 3209 suerit,
769 3136 802 3188 ut
819 3145 954 3205 magnam
973 3130 1084 3205 negotii

73 3226 191 3298 partem
223 3215 395 3278 absolveret.
445 3234 513 3277 cum
543 3235 613 3276 vere
648 3215 698 3276 iiic
725 3235 757 3277 se
785 3214 868 3275 brevi
895 3222 963 3294 pest
989 3221 1082 3274 tetum

73 3308 108 3367 ad
125 3306 185 3367 alia
204 3305 301 3365 studia
316 3305 454 3385 dedisset,
472 3307 504 3365 in
518 3304 644 3364 stadium
658 3322 751 3383 paene
766 3304 916 3364 desertum
931 3305 1082 3379 ingressus

71 3396 158 3473 Hugo
187 3392 293 3453 Munre
320 3391 479 3453 Britannus
511 3409 645 3469 magnam
679 3390 737 3451 sibi
768 3392 884 3470 peperit
915 3392 1084 3466 iustamque

70 3482 205 3561 laudem3
238 3482 289 3559 qui
321 3499 397 3541 anno
427 3478 512 3543 1866
539 3482 669 3557 primum
696 3478 815 3539 Lucreti
843 3495 963 3537 carmen
989 3475 1083 3536 edidit
