2484 3800
589 114 602 167 Ῑ
1055 115 1099 180 25

147 279 197 321 ex
219 260 396 339 alienigenis
420 264 584 323 consistant
606 262 686 342 ligna
709 269 873 343 necessest,

149 368 197 409 ex
219 349 409 430 alienigenis,
433 368 507 429 quae
530 349 618 429 lignis
642 353 823 411 exoriuntur.
1060 365 1101 405 911

53 443 129 497 875
202 435 364 516 Linquitur
385 438 435 497 hic
459 439 602 517 quaedam
625 438 758 499 latitandi
781 440 865 519 copia
887 441 996 520 tenuis,
1060 450 1100 493 ⁸⁷5

55 534 126 583 810
150 525 190 585 id
213 525 293 603 quod
316 526 503 603 Anaxagoras
527 526 585 587 sibi
608 529 711 608 sumit,
733 533 767 588 11
789 526 926 588 omuibus
950 529 1046 588 omnis

153 632 209 673 res
231 620 318 694 putet
339 615 480 674 inmixtas
502 613 593 675 rebus
615 615 746 695 latitare,
769 614 821 675 sed
844 614 916 676 illud

156 720 304 780 apparere
325 720 434 782 unum,
457 704 543 764 cuius
565 704 627 763 sint
647 702 774 781 plurima
797 704 889 763 mixta

158 796 191 849 et
212 792 309 868 magis
332 792 365 849 in
387 797 527 868 promptu
548 792 703 870 primaque
726 793 758 852 in
780 791 877 851 fronte
901 789 1002 851 locata.

63 886 141 937 880
157 878 238 956 quod
261 884 402 938 tamena
424 896 493 938 vera
516 877 601 956 louge
625 881 738 939 ratione
761 877 949 958 repulsumst
1061 892 1101 933 999

68 973 136 1023 815
160 965 358 1026 conveniebat
380 968 461 1027 enim
483 967 584 1045 fruges
608 984 725 1045 quoque
748 984 849 1047 saepe,
871 968 981 1027 minaci

159 1052 269 1115 robore
293 1072 362 1113 cum
385 1056 449 1114 saxi
472 1054 661 1134 tranguntur,
683 1056 801 1115 mittere
825 1057 942 1131 signum

161 1144 316 1221 sanguinis
340 1148 391 1202 aut
413 1141 537 1222 aliquid,
559 1149 661 1202 nostro
685 1160 759 1219 quae
783 1160 907 1222 corpore
931 1141 1055 1203 aluntur.

589 1248 607 1287 1

158 1224 229 1379 lcum
252 1317 346 1396 lapidi
367 1317 496 1396 lapidem
518 1319 656 1398 terimus,
678 1335 797 1378 manare
821 1315 994 1397 9119191111

77 1415 146 1467 885
162 1405 313 1468 consimili
334 1408 450 1466 ratione
472 1404 580 1465 herbas
603 1423 720 1483 quoque
743 1423 830 1485 saepe
854 1405 976 1467 decebat
1061 1416 1100 1458 8⁸⁵

78 1502 141 1553 880
162 1496 202 1555 91’
215 1493 322 1555 salices
345 1493 442 1554 dulcis
465 1499 562 1571 guttas
586 1492 735 1572 similique
758 1511 863 1572 sapore

161 1585 297 1663 mittere,
319 1580 468 1659 lanigerae
492 1579 571 1659 quali
593 1588 666 1641 sunt
686 1580 778 1642 ubere
802 1581 899 1663 lactis,

163 1669 291 1750 99111991,
315 1676 346 1730 91
367 1668 462 1747 glebis
484 1675 632 1729 terrarum
655 1687 743 1747 saepe
766 1669 861 1730 friatis

160 1757 324 1820 herbarum
346 1774 457 1835 genera
479 1763 509 1817 et
531 1757 631 1833 fruges
654 1756 833 1836 frondesque
855 1758 950 1819 videri

85 1854 148 1908 890
162 1847 320 1926 dispertita
342 1847 421 1906 iuter
443 1851 554 1906 terram
577 1844 692 1906 latitare
715 1846 841 1926 minute,
1061 1854 1102 1895 8⁹⁰

86 1943 315 2016 889199119119
338 1936 370 1994 in
392 1932 481 2012 lignis
503 1933 635 1993 cinerem
658 1934 829 2012 fumumque
851 1935 958 2015 videri,

163 2041 233 2085 oum
255 2022 422 2102 praefracta
444 2021 554 2102 iurent,
577 2022 714 2100 ignisque
737 2020 828 2082 latere
851 2024 989 2082 minutos.

163 2129 293 2190 quorum
315 2109 358 2171 nil
380 2109 447 2169 fieri
470 2110 609 2188 quoniam
632 2108 788 2168 manifesta
811 2109 981 2188 damires,

163 2202 241 2260 scire
265 2198 337 2258 licet
358 2215 419 2258 non
441 2214 507 2256 esse
530 2198 562 2256 in
584 2195 675 2256 rebus
697 2213 746 2256 res
769 2198 810 2256 ita
832 2199 952 2276 mixtas,

88 2297 147 2348 895
161 2305 267 2348 rerum
289 2287 405 2346 semina
426 2283 609 2345 multimodis
632 2285 754 2344 inmixta
776 2283 867 2344 latere
1063 2289 1103 2332 ⁸⁹⁵

88 2385 144 2434 890
162 2375 325 2437 multarum
347 2391 448 2434 rerum
470 2374 502 2432 in
524 2370 615 2431 rebus
638 2373 805 2432 eommunia
828 2369 945 2430 debent.

208 2458 258 2523 ‘nt
281 2479 370 2540 saepe
392 2463 425 2520 in
445 2461 561 2537 magnis
583 2460 617 2519 111
639 2453 802 2519 montibus’
825 2459 925 2535 inquis
949 2449 996 2512 ‘ut
1017 2450 1084 2512 altis

162 2549 322 2612 arboribus
345 2550 441 2609 vicina
464 2548 617 2608 cacumina
640 2565 754 2608 summa
777 2550 911 2607 terantur

161 2643 242 2700 iuter
266 2656 313 2718 se,
335 2635 440 2698 validis
462 2636 560 2695 facere
583 2635 612 2694 id
638 2634 817 2744 cogentibus
834 2631 959 2709 austris,

90 2738 146 2790 900
159 2729 257 2789 donec
279 2726 410 2786 flammai
430 2722 578 2784 fulserunt
599 2722 673 2782 11919
697 2714 1109 2782 9991193199

90 2816 293 2895 89999111991,
316 2821 346 2874 et
369 2829 430 2873 non
452 2818 499 2871 est
520 2810 609 2888 lignis
631 2817 730 2871 tamen
753 2809 861 2868 insitus
884 2803 979 2882 ignis,

161 2921 267 2966 verum
291 2903 405 2962 semina
428 2905 498 2959 sunt
520 2898 634 2958 ardoris
657 2896 762 2976 multa,
783 2891 908 2955 terendo

161 3010 239 3072 quae
262 3007 332 3051 eum
355 2986 538 3066 confluxere,
564 2992 666 3046 creant
688 2983 825 3045 incendia
849 2978 946 3040 silvis:

161 3080 242 3160 911911
266 3080 293 3138 si
316 3078 393 3137 taeta
415 3075 493 3134 toret
514 3073 595 3133 silvis
619 3072 790 3133 abscondita
813 3068 948 3141 flamma,

89 3177 220 3230 90511911
243 3171 369 3246 possent
389 3162 484 3224 ullum
506 3168 622 3241 tempus
647 3160 770 3222 celarier
792 3158 897 3233 ignes‚·
1079 3168 1128 3214 aus

90 3267 141 3317 990
159 3257 346 3318 conficerent
368 3251 453 3330 volgo
476 3248 578 3329 silvas,
601 3247 720 3308 arbusta
744 3245 923 3306 cremarent.

158 3348 260 3406 iamne
284 3341 368 3402 vides
391 3341 495 3417 igitur,
517 3336 605 3415 paulo
630 3335 707 3414 quod
731 3333 862 3394 diximus
887 3327 970 3399 ante,

156 3431 317 3516 permagni
339 3428 452 3490 referre
475 3425 578 3486 eadem
600 3423 762 3503 primordia
785 3432 877 3495 saepe
