2484 3800
165 175 217 230 XII
525 173 807 230 PROLEGOMENA.

165 320 338 400 corpuscula
361 323 388 381 si
411 323 610 402 convenerint,
632 319 703 400 fieri
719 338 906 400 moymarum
922 337 1026 381 rerum
1043 317 1174 380 exordio

163 427 278 488 coepe.
320 412 386 488 quis
409 410 511 469 credet
527 408 747 470 Lachmannum
765 428 820 487 pro
837 425 926 486 coepe
942 425 1059 485 semper
1076 409 1174 486 scrip-

163 506 264 559 turum
286 497 389 576 luisse,
413 499 439 556 si
461 515 497 556 ex
520 515 565 574 ep.
589 497 626 557 ad
648 497 777 576 Pythocl.
800 497 857 557 dat.
875 514 937 574 par.
952 494 994 558 89
1017 495 1175 556 didicisset

164 586 256 646 multa
292 585 437 645 eiusmodi
472 585 650 645 mundorum
687 585 807 645 exordia
842 587 978 663 interire,
1014 591 1172 662 antequam

163 669 399 753 perficerentur?
439 691 492 733 cur
515 673 642 750 denique
665 676 780 751 negarit
794 673 811 733 l
826 672 862 732 Vl
875 692 900 731 v.
914 668 979 734 446
998 671 1172 731 Lucretium

165 762 264 822 dicere
277 763 410 839 potuisse
425 763 576 839 asperiora
589 763 735 840 principia
746 759 866 840 ecc'prcr's
878 758 986 822 neoclis
998 777 1172 838 comprensa

163 848 258 909 nubes
276 849 404 929 efficere,
425 851 485 908 nisi
503 850 661 929 ignoraret,
684 867 759 927 quae
777 855 857 908 esset
874 848 951 927 apud
970 847 1172 908 Democritum

167 945 196 996 et
224 956 274 997 eos
298 939 350 1015 qui
372 955 389 996 a
411 936 577 996 Democrito
600 936 726 1015 proiecti
748 944 850 996 essent
870 941 928 1015 τῆς
948 933 1030 997 κατὰ
1052 933 1173 1017 μικρὸν

164 1022 336 1099 συνάψεως
358 1027 402 1084 vis
425 1031 455 1084 et
477 1020 574 1084 ratio?
619 1025 656 1084 de
679 1044 736 1103 qua
758 1043 790 1085 re
814 1025 880 1084 vide
899 1024 1046 1103 Theophr.
1065 1023 1170 1102 fragm.

163 1113 199 1172 de
219 1112 326 1173 sensib.
344 1131 406 1190 par.
421 1109 463 1172 93
483 1107 584 1194 (Diels.
604 1112 724 1190 doxogr.
742 1132 770 1192 p.
784 1108 893 1192 521,r
913 1118 944 1172 et
962 1111 1051 1171 libell.
1070 1129 1172 1172 meum

164 1201 299 1261 scholast.
327 1200 389 1260 Hal.
411 1195 497 1262 1884
524 1200 568 1260 ed.
591 1219 618 1278 p.
642 1194 706 1282 17).
728 1200 933 1260 Lachmannus
961 1206 1041 1260 certe
1064 1206 1095 1259 et
1118 1202 1173 1278 qui

164 1291 192 1349 ei
206 1289 330 1349 credunt
343 1285 462 1365 empuis
475 1304 653 1365 comprenso
665 1286 768 1350 neoris
781 1290 936 1367 scripsisse
950 1294 1067 1367 poetam
1075 1287 1173 1348 nubes

164 1376 294 1454 lapidum
316 1376 447 1453 ferrique
471 1375 583 1435 similes
601 1376 720 1435 iaciunt.
736 1376 838 1435 —his
857 1376 1000 1454 exemplis
1017 1382 1051 1436 ut
1067 1379 1172 1454 paucis

164 1497 206 1506 -
234 1482 302 1523 nam
328 1463 405 1541 elegi
428 1496 470 1505 —
492 1465 534 1522 ita
556 1465 639 1543 satis,
662 1465 775 1544 opinor,
798 1462 956 1524 luculentis
978 1482 1026 1524 me
1049 1464 1172 1524 demon-

165 1559 274 1612 strasse
308 1569 408 1631 spero,
441 1558 565 1629 quantae
597 1553 630 1610 in
661 1550 798 1612 Lucretio
830 1551 876 1612 rel
908 1551 1092 1612 emendando
1123 1552 1171 1613 rel

163 1639 335 1718 explicando
363 1645 462 1718 partes
490 1645 591 1698 essent
615 1656 732 1715 rerum,
767 1658 891 1718 quarum
917 1647 1040 1719 propter
1068 1642 1173 1700 inven-

163 1731 276 1788 tionem
298 1727 444 1805 Epicurus
467 1729 529 1786 suis
552 1726 602 1786 dei
624 1729 718 1787 instar
740 1727 804 1788 luis

174 1844 182 1858 ·
252 1815 310 1875 Sed
338 1833 375 1875 ne
403 1816 434 1874 in
462 1817 505 1874 eis
533 1814 665 1895 quidem,
692 1834 767 1894 quae
792 1815 883 1876 rebus
906 1818 977 1875 satis
1000 1815 1171 1894 patentibus
1235 1872 1236 1881 ,

164 1912 214 1965 aut
246 1923 282 1964 ex
314 1905 526 1964 sententiarum
556 1906 670 1964 ratione
699 1912 730 1964 et
756 1922 871 1965 conexu
897 1911 947 1964 aut
975 1922 1012 1964 ex
1038 1907 1174 1965 universi

165 1994 311 2053 sermonis
326 1991 411 2051 latini
423 1998 527 2052 natura
539 1999 569 2052 et
578 1992 676 2052 indole
686 1999 736 2052 out
746 2011 782 2053 ex
791 1992 967 2053 elocutionis
977 1991 1172 2053 Lucretianae

163 2080 394 2160 proprietatibus
408 2079 563 2140 iudicanda
578 2087 670 2161 erant,
688 2099 749 2140 non
762 2088 793 2140 et
805 2080 1008 2141 Lachmannus
1023 2087 1053 2140 et
1066 2098 1172 2141 omnes

164 2171 331 2247 quicunque
349 2174 418 2246 post
430 2167 651 2228 Lachmannum
669 2171 700 2228 in
720 2186 754 2229 eo
773 2187 876 2247 campo
895 2171 922 2228 si
936 2169 1006 2247 quid
1020 2175 1173 2247 praestare

163 2274 317 2335 possemus
341 2258 455 2334 experti
479 2274 594 2336 sumno,
621 2258 794 2335 saepissime
817 2258 986 2316 erravimus.
1032 2255 1111 2334 quod
1134 2257 1174 2316 de

163 2363 211 2405 me
235 2344 353 2423 quidem
376 2343 571 2404 libentissime
590 2344 694 2404 fateor.
730 2362 799 2404 nam
818 2346 844 2403 si
861 2344 927 2423 plus
946 2350 1060 2422 septem
1078 2344 1174 2404 lustra

163 2435 194 2492 in
230 2433 277 2492 his
309 2432 415 2493 studiis
447 2439 579 2491 versatus
610 2450 671 2491 non
704 2431 808 2511 multa,
845 2450 918 2510 quae
951 2431 1022 2492 olim
1053 2434 1172 2509 excogi-

163 2529 285 2600 tassem,
321 2538 400 2580 nunc
432 2519 618 2599 obiecissem,
655 2538 702 2579 me
734 2519 810 2579 nihil
841 2520 980 2580 didicisse
1013 2519 1173 2580 dicendum

164 2614 235 2666 erat.
276 2624 313 2667 ne
337 2610 428 2685 igitur
451 2609 517 2686 quis
541 2609 680 2687 miretur,
707 2610 734 2667 si
756 2625 816 2667 non
837 2626 998 2686 paucarum
1021 2610 1173 2668 coniectu-

164 2712 263 2754 rarum
297 2713 313 2754 a
343 2713 391 2753 me
424 2704 491 2755 ente
523 2694 633 2755 multos
666 2712 758 2754 annos
789 2698 975 2756 inventorum
1008 2695 1056 2756 hic
1087 2714 1173 2756 men-

162 2784 275 2842 tionem
306 2784 436 2842 inveniet
467 2781 586 2843 nullam.
641 2800 678 2842 ex
710 2782 817 2861 quibus
848 2784 919 2844 alias
952 2783 1060 2863 obieci,
1092 2784 1173 2862 quod

165 2872 207 2929 eis
249 2867 321 2929 locis
361 2871 392 2929 in
433 2865 611 2949 oplimorum
646 2870 791 2931 librorum
827 2872 886 2932 fide
921 2872 1171 2950 acquiescendum

164 2958 211 3017 die
227 2957 305 3017 diem
318 2956 441 3017 docente
456 2958 669 3039 intellexeram,
684 2958 765 3039 alias,
780 2960 858 3037 quod
873 2959 908 3019 ab
919 2959 985 3019 aliis
994 2962 1066 3019 riris
1076 2960 1173 3020 doctis

163 3044 286 3105 meliora
309 3051 426 3124 reperta
448 3044 592 3127 ridebam,
615 3046 686 3106 alias
710 3047 847 3126 denique,
871 3047 948 3125 quod
968 3050 1032 3125 ipse
1049 3049 1173 3108 interim

164 3135 277 3211 aptiora
308 3133 344 3193 ad
377 3150 411 3192 ea
443 3151 517 3211 quae
550 3143 690 3213 corrupta
721 3141 805 3195 erant
838 3134 966 3195 sananda
993 3138 1172 3197 inveneram.

163 3239 260 3299 neque
287 3221 379 3298 magis
403 3220 433 3279 id
456 3223 594 3299 cuiquam
617 3223 806 3283 admirationi
828 3224 898 3301 erit,
926 3223 1004 3300 quod
1026 3223 1118 3283 multa
1140 3226 1174 3283 in

163 3307 314 3368 codicibus
332 3307 449 3388 tradita,
472 3327 545 3386 quae
565 3310 635 3369 olim
654 3317 738 3371 recte
757 3328 789 3370 se
808 3308 917 3368 hahere
935 3309 981 3369 vel
1000 3317 1081 3370 certe
1100 3311 1175 3371 ferri

163 3413 249 3475 posse
273 3403 415 3475 putaram,
438 3414 517 3455 nunc
539 3398 613 3457 ferri
635 3416 727 3477 posse
750 3414 838 3475 nego:
861 3396 938 3456 unde
958 3399 991 3457 fit
1012 3404 1054 3478 ut,
1077 3398 1174 3459 sicubi

163 3484 327 3544 emendatio
350 3482 434 3544 nulla
457 3491 557 3562 parata
581 3492 640 3566 est,
663 3488 761 3546 crucis
784 3486 901 3562 signum
923 3487 1104 3563 appingatur.
