2484 3800
155 146 218 209 142
640 142 668 197 V

153 309 205 361 401
222 290 388 353 deturbavit
411 292 495 369 equis
518 291 550 351 in
572 297 695 368 0011001,
719 287 821 366 solque
844 287 961 348 cadenti

224 378 327 441 obvius
350 384 500 439 aeternam
523 379 655 456 succepit
677 376 809 455 lampada
832 374 948 456 mundi,

224 468 422 545 disiectosque
446 466 561 544 redegit
583 482 676 544 equos
699 466 854 543 iunxitque
876 464 1045 543 trementis,

225 555 292 616 inde
316 572 403 615 suum
425 572 479 633 per
501 556 559 614 iter
581 554 727 613 recreavit
750 559 855 614 cuncta
877 551 1058 630 gubernans,

153 660 206 710 aas
224 642 350 723 scilicet,
372 649 407 703 nt
427 648 543 702 veteres
566 640 687 701 Graium
710 642 845 701 cecinere
867 644 979 718 poetae.
1124 660 1171 700 eos

154 748 210 798 100
224 731 302 809 quod
324 729 428 810 procul
450 747 468 789 a
489 746 558 789 vera
581 730 671 789 nimis
693 735 740 789 est
762 730 876 788 ratione
899 726 1060 807 repulsum

224 821 301 898 ignis
324 820 405 879 enim
428 834 570 896 superare
592 822 691 895 potest
713 815 764 876 ubi
786 817 920 877 materiai

224 925 261 967 ex
283 907 398 967 infinito
422 912 491 965 sunt
513 923 637 983 corpora
659 904 745 983 plura
767 910 880 985 coorta,

647 1011 665 1049 *

224 1082 292 1143 inde
316 1081 423 1143 cadunt
446 1082 524 1141 vires
548 1079 645 1159 aliqua
667 1082 780 1141 ratione
804 1081 945 1159 revictae,

154 1177 275 1237 400000
296 1177 423 1249 pereunt
444 1187 493 1229 res
516 1175 637 1229 exustae
660 1166 826 1229 furentibus
849 1168 938 1228 auris.
1121 1189 1168 1228 ero

155 1275 208 1325 111
223 1276 309 1319 umor
331 1260 403 1318 item
426 1256 573 1335 quondam
596 1258 693 1334 coepit
716 1273 857 1335 superare
880 1260 1014 1335 coortus,

224 1353 258 1406 ut
280 1346 397 1426 iamast,
418 1345 572 1405 bominum
594 1343 701 1404 multas
724 1344 840 1423 quando
863 1341 964 1403 obruit
984 1341 1082 1403 urbis:

224 1433 294 1493 inde
316 1433 367 1493 ubi
390 1435 434 1493 vis
458 1432 554 1511 aliqua
577 1434 690 1492 ratione
714 1449 816 1493 aversa
838 1433 977 1512 recessit,

225 1539 262 1581 ex
284 1522 398 1581 infinito
421 1521 516 1581 luerat
539 1537 741 1599 quaecumque
764 1526 880 1600 coorta,

154 1624 206 1675 too
225 1611 421 1668 constiterunt
442 1607 553 1668 imbres
576 1615 606 1667 et
628 1608 750 1669 flumina
771 1609 832 1667 vim
852 1609 1035 1668 minuerunt
1122 1628 1166 1669 415

155 1711 208 1762 416
269 1695 327 1755 Sed
350 1695 456 1773 quibus
479 1694 533 1755 ille'
551 1695 647 1755 modis
669 1697 822 1756 coniectus
844 1697 981 1756 materiai

209 1782 354 1864 ¹fundarit
376 1789 485 1843 terram
509 1789 539 1843 et
561 1782 674 1843 caelum
696 1785 839 1862 pontique
861 1782 1022 1864 profunda,

226 1869 296 1931 solis
320 1869 401 1930 lunai
422 1888 540 1952 cursus,
562 1890 600 1932 ex
623 1870 726 1932 ordine
749 1889 865 1951 ponam.

223 1976 293 2019 nam
314 1965 395 2018 certe
417 1976 513 2037 neque
535 1958 660 2020 consilio
682 1960 844 2038 primordia
865 1977 969 2020 rerum

154 2063 207 2112 410
225 2047 328 2106 ordine
351 2064 383 2106 se
407 2064 460 2106 suo
484 2064 616 2125 quaeque
640 2050 738 2125 sagaci
760 2055 857 2108 mente
880 2047 1019 2108 locarunt
1122 2070 1165 2111 no

155 2149 281 2201 421nec
304 2152 377 2212 quos
400 2151 532 2213 quaeque
556 2134 661 2195 darent
682 2141 780 2195 motus
802 2137 944 2214 pepigere
967 2135 1118 2216 proiecto,

225 2221 277 2282 sed
300 2223 368 2300 quia
390 2220 482 2282 multa
503 2220 600 2282 modis
622 2221 724 2282 multis
746 2223 910 2302 primordia
932 2241 1036 2284 rerum

225 2328 261 2369 ex
283 2310 398 2369 infinito
420 2311 479 2369 iam
501 2316 634 2387 tempore
656 2312 769 2388 percita
792 2310 888 2389 plagis

223 2395 462 2474 ponderibusque
486 2398 547 2456 suis
571 2404 753 2458 consuerunt
775 2400 890 2458 concita
913 2399 987 2459 lerri

155 2499 206 2548 415
225 2483 457 2561 omnimodisque
480 2485 559 2543 coire
582 2492 670 2562 atque
693 2487 791 2545 omnia
813 2492 1030 2566 pertemptare,
1123 2510 1163 2550 10

154 2584 209 2636 426
225 2588 425 2649 quaecumque
448 2573 580 2630 interae
603 2579 726 2650 possent
748 2582 908 2651 congressa
931 2591 1050 2655 creare,

223 2664 379 2736 propterea
401 2658 435 2717 iit
457 2660 501 2717 uti
523 2675 662 2736 magnum
683 2658 796 2738 volgata
817 2678 873 2739 per
896 2679 999 2722 aevom

224 2759 309 2803 omne
332 2761 424 2822 genus
447 2750 549 2805 coetus
572 2752 602 2804 el
624 2752 721 2807 motus
745 2749 928 2826 experiundo

224 2830 342 2890 tandem
365 2834 539 2892 conveniant
561 2850 692 2912 eaquae
715 2841 856 2896 convecta
877 2844 1002 2915 repente

154 2930 206 2980 420
224 2933 393 2994 magnarum
416 2936 516 2979 rerum
538 2919 613 2979 liunt
635 2921 755 2981 exordia
778 2940 880 3004 saepe,
1122 2931 1161 2989 eso

153 3006 312 3067 4310011οἰ
334 3007 423 3065 maris
446 3013 476 3066 et
499 3005 572 3066 caeli
594 3010 771 3087 generisque
794 3013 987 3073 animantum.

266 3089 322 3149 Hic
343 3109 438 3169 neque
461 3101 524 3154 tum
547 3093 618 3154 solis
642 3103 706 3156 rota
728 3100 812 3156 cerni
834 3098 947 3160 lmnine
971 3100 1055 3179 largo

223 3175 375 3236 altivolans
396 3185 511 3256 poterat
533 3198 588 3241 nec
611 3185 709 3260 magni
732 3183 831 3245 sidera
852 3187 959 3248 mundi

223 3280 279 3322 nec
301 3280 382 3323 mare
405 3283 459 3324 nec
482 3267 595 3327 caelum
616 3288 672 3330 nec
695 3270 823 3349 denique
846 3280 1052 3356 terrenoque
1076 3282 1127 3337 air

153 3363 204 3412 tao
223 3366 278 3408 neo
300 3349 538 3419 similisinostris
560 3352 650 3415 rebus
673 3374 722 3418 res
744 3357 803 3418 ulla
826 3361 935 3443 videri,
1121 3389 1162 3428 asc

153 3448 207 3499 130
221 3434 272 3494 sed
294 3453 368 3495 nova
390 3437 547 3518 tempestas
571 3443 714 3520 quaedam
735 3445 888 3528 molesque
914 3458 1018 3512 coorta
1122 3478 1161 3517 coc
