2484 3800
166 132 208 195 12
282 196 287 202 .
662 130 676 183 Ι

236 280 300 357 ipse
322 280 355 337 in
377 296 410 338 se
433 278 549 337 trahere
574 285 604 337 et
626 278 718 356 partis
742 276 906 337 conducere
930 277 961 335 in
984 292 1097 335 unum.

280 366 342 436 000
364 373 500 446 propter,
523 368 656 444 quamvis
680 364 827 425 causando
850 363 943 424 mrdta
966 364 1121 442 moreriS,

237 472 303 513 esse
326 456 357 513 in
379 453 469 514 rebus
494 456 581 514 inane
603 461 703 514 tamen
725 454 834 513 fateare
858 459 1020 512 necessest.

165 550 220 601 400
236 541 385 620 multaque
407 549 561 621 praeterea
583 542 640 601 tibi
662 558 784 620 possum
807 538 1070 626 commemorando
1154 548 1199 589 400
1239 562 1240 569 ¹

165 637 218 687 300
237 636 408 707 argumenta
431 629 520 690 fidem
541 629 631 690 dictis
654 628 815 689 conradere
837 630 957 688 nostris.

236 736 339 778 verum
362 720 459 778 auimo
483 719 555 777 satis
576 717 650 777 haec
672 719 796 795 vestigia
818 735 907 795 parva
930 718 1031 794 sagaci

237 812 319 887 sunt,
341 824 396 884 per
418 824 492 884 quae
515 806 613 883 possis
637 822 814 883 cognoscere
837 810 936 865 cetera
959 811 1039 864 tute:

236 911 363 972 namque
386 911 475 954 canes
497 900 531 954 ut
553 895 736 971 montivagae
759 910 903 971 persaepe
927 892 1062 952 ferarum

166 988 221 1039 405
236 981 358 1042 naribus
380 982 536 1042 inveniunt
557 984 681 1041 intectas
705 979 808 1040 fronde
832 982 961 1062 quietes,
1148 990 1190 1031 405

167 1078 306 1130 400000)
329 1069 421 1129 semel
443 1071 616 1130 institerunt
638 1070 761 1146 vestigia
783 1074 864 1129 certa
887 1070 958 1149 viai,

238 1160 282 1218 sic
305 1155 363 1217 alid
387 1175 423 1217 ex
446 1156 502 1217 alio
525 1175 579 1236 per
600 1164 631 1217 te
654 1163 717 1218 tute
739 1158 803 1235 ipss
826 1156 926 1216 videre

238 1244 345 1306 talibus
367 1247 400 1304 in
422 1243 512 1304 rebus
534 1247 647 1323 poteris
671 1262 832 1322 caecasque
854 1242 982 1303 latebras
1126 1294 1169 1330 τῃ

238 1335 391 1393 insinuare
414 1334 510 1391 omnis
533 1339 564 1392 et
584 1350 688 1393 verum
709 1331 883 1411 protrahere
906 1331 983 1392 inde.
1011 1312 1133 1400 ,tif

168 1428 221 1477 410
237 1420 315 1498 quod
339 1422 365 1479 si
387 1421 530 1497 prigraris
552 1419 707 1499 paulumve
730 1421 891 1479 recesseris
914 1418 950 1479 ab
974 1437 1022 1500 re,
1102 1400 1185 1471 *410

169 1515 220 1564 400
239 1507 295 1567 hoc
318 1506 374 1567 tibi
396 1507 433 1567 de
455 1505 551 1584 plano·
565 1526 687 1585 possum
708 1510 896 1588 promittere,
918 1506 1055 1567 Memmi:

239 1612 334 1673 usque
358 1594 431 1654 adeo
453 1593 550 1672 largos
572 1595 695 1655 haustus
719 1613 735 1654 e
758 1594 881 1655 sontibu'
904 1597 1020 1673 magnis

239 1682 340 1759 lingua
361 1699 428 1741 meo
451 1684 549 1741 suavis
571 1682 628 1743 diti
649 1683 686 1743 de
709 1689 829 1761 pectore
852 1683 969 1763 fundet,

239 1776 273 1829 ut
295 1787 399 1829 verear
420 1788 458 1829 ne
481 1769 564 1829 tarda
586 1773 670 1849 prius
692 1788 747 1849 per
769 1769 901 1831 membra
924 1779 1066 1832 senectus

169 1865 223 1917 415
240 1863 339 1936 serpat
361 1864 391 1917 et
411 1859 444 1917 in
466 1856 553 1918 nobis
575 1860 646 1919 vitai
668 1857 794 1919 claustra
818 1858 957 1941 resolvat,
1140 1873 1180 1914 00
1239 1911 1240 1920 ,

169 1955 222 2004 410
241 1964 329 2025 quam
351 1945 407 2005 tibi
429 1945 466 2006 de
490 1949 591 2024 quavis
614 1965 673 2006 000
694 1965 728 2006 re
750 1946 887 2008 versibus
910 1949 1007 2008 omnis

240 2040 481 2112 argumentorum
503 2037 544 2094 sit
566 2037 649 2112 copia
672 2036 762 2094 missa
784 2051 838 2112 per
861 2037 950 2095 auris.

285 2120 343 2181 Sed
366 2139 445 2182 nunc
468 2128 502 2181 ut
524 2129 656 2200 repetam
679 2128 816 2200 coeptum
838 2130 995 2201 pertexere
1018 2121 1120 2203 dictis,

241 2211 337 2269 omnis
360 2216 394 2269 ut
416 2216 462 2270 est
484 2211 574 2287 igitur
595 2227 650 2287 per
673 2227 705 2268 se
727 2215 833 2269 natura
855 2209 971 2270 duabus

169 2305 225 2357 400
240 2299 373 2358 constitit
394 2298 425 2356 in
449 2296 551 2357 rebus:
574 2313 643 2356 nam
666 2314 788 2374 corpora
812 2305 894 2379 sunt,
917 2304 948 2358 et
969 2300 1072 2378 inane,
1134 2313 1175 2352 42⁰

169 2393 222 2442 410
240 2385 314 2446 haec
337 2387 369 2444 in
392 2402 450 2462 quo
474 2386 530 2444 sita
553 2390 622 2443 sunt
645 2391 754 2462 etqua
777 2383 892 2444 diversa
915 2392 1080 2447 moventur.

242 2490 349 2551 corpus
373 2474 452 2532 enim
474 2489 528 2549 per
551 2489 583 2531 se
606 2473 771 2532 communis
795 2471 911 2532 dedicat
934 2489 1002 2533 0000

242 2577 360 2639 sensus,
384 2561 433 2619 cui
454 2561 515 2619 uisi
536 2560 631 2636 prima
655 2558 728 2618 fides
750 2558 870 2619 fundata
893 2559 1015 2640 valebit,

240 2647 312 2707 haut
334 2648 392 2706 erit
414 2645 537 2706 occultis
561 2644 710 2705 derebus
733 2664 791 2724 quo
814 2647 978 2708 referentes

170 2743 226 2795 425
241 2735 415 2794 confirmare
438 2736 528 2793 animi
552 2734 709 2811 quicquam
732 2735 845 2793 ratione
869 2753 1022 2813 queamus.
1132 2751 1169 2792 00

170 2830 223 2879 400
241 2828 305 2881 tum
327 2838 417 2898 porro
440 2820 523 2881 locus
546 2838 579 2879 ac
603 2822 742 2901 spatium,
766 2821 844 2899 quod
866 2823 955 2883 inane
979 2842 1124 2906 vocamus,

242 2911 268 2968 si
290 2907 405 2968 nullum
427 2908 516 2988 foret,
538 2907 609 2967 haut
631 2925 755 2985 usquam
779 2910 834 2968 sita
857 2926 983 2988 corpora
1005 2921 1121 2991 possent

242 3014 307 3056 esse
330 3013 427 3073 neque
452 2997 570 3054 omnino
594 3012 741 3072 quaquam
763 2995 879 3055 diversa
902 3015 1017 3079 meare;

242 3083 272 3142 id
296 3082 374 3161 qnod
398 3084 456 3142 iam
480 3099 587 3160 supera
608 3081 664 3141 tibi
686 3081 772 3160 paulo
796 3083 981 3148 ostendimus
1005 3095 1077 3148 ante.

170 3181 225 3231 400
242 3177 395 3250 praeterea
419 3168 461 3229 nil
484 3176 530 3229 est
552 3168 631 3247 quod
653 3171 750 3246 possis
773 3169 873 3231 dicere
897 3171 933 3231 ab
958 3177 1039 3234 omni
1131 3191 1166 3230 0)
1239 3235 1240 3256 ,

170 3269 222 3317 425
242 3275 366 3337 corpore
391 3259 558 3318 seiunctum
582 3263 787 3336 secretumque
810 3277 876 3318 esse
900 3260 937 3320 ab
960 3263 1056 3345 inani,

242 3347 320 3426 quod
341 3347 426 3424 quasi
448 3347 536 3404 tertia
560 3346 598 3403 sit
621 3362 744 3404 numero
767 3352 872 3407 natura
894 3360 1023 3427 reperta.

241 3454 310 3496 nam
338 3433 546 3513 quodcumque
573 3433 644 3511 erit,
671 3451 737 3493 esse
765 3432 862 3513 aliquo
886 3435 1009 3499 debebit
1031 3439 1165 3521 idipsum
