<?xml version="1.0" encoding="UTF-8"?>
<!DOCTYPE html PUBLIC "-//W3C//DTD XHTML 1.0 Transitional//EN"
    "http://www.w3.org/TR/xhtml1/DTD/xhtml1-transitional.dtd">
<html xmlns="http://www.w3.org/1999/xhtml" xml:lang="en" lang="en">
 <head>
  <title>
</title>
<meta http-equiv="Content-Type" content="text/html;charset=utf-8" />
  <meta name='ocr-system' content='tesseract 3.04.00' />
  <meta name='ocr-capabilities' content='ocr_page ocr_carea ocr_par ocr_line ocrx_word'/>
</head>
<body>
  <div class='ocr_page' id='page_1' title='image "./dererumnaturali00briegoog_0220.png"; bbox 0 0 2484 3800; ppageno 0'>
   <div class='ocr_carea' id='block_1_1' title="bbox 144 151 654 215">
    <p class='ocr_par' dir='ltr' id='par_1_1' title="bbox 144 151 654 215">
     <span class='ocr_line' id='line_1_1' title="bbox 144 151 654 215; baseline -0.018 0"><span class='ocrx_word' id='word_1_1' title='bbox 144 152 207 215; x_wconf 79' lang='lat'>132</span> <span class='ocrx_word' id='word_1_2' title='bbox 628 151 654 206; x_wconf 89' lang='lat' dir='ltr'><strong>V</strong></span> 
     </span>
    </p>
   </div>
   <div class='ocr_carea' id='block_1_2' title="bbox 142 292 1158 465">
    <p class='ocr_par' dir='ltr' id='par_1_2' title="bbox 142 292 1158 465">
     <span class='ocr_line' id='line_1_2' title="bbox 142 292 960 365; baseline -0.002 -7"><span class='ocrx_word' id='word_1_3' title='bbox 142 316 176 365; x_wconf 78' lang='lat'>25</span> <span class='ocrx_word' id='word_1_4' title='bbox 193 298 243 359; x_wconf 90' lang='lat' dir='ltr'>ille</span> <span class='ocrx_word' id='word_1_5' title='bbox 265 296 359 357; x_wconf 89' lang='lat' dir='ltr'>leonis</span> <span class='ocrx_word' id='word_1_6' title='bbox 381 295 500 357; x_wconf 88' lang='lat' dir='ltr'>obesset</span> <span class='ocrx_word' id='word_1_7' title='bbox 521 302 550 355; x_wconf 91' lang='lat' dir='ltr'>et</span> <span class='ocrx_word' id='word_1_8' title='bbox 571 295 699 355; x_wconf 89' lang='lat' dir='ltr'>horrens</span> <span class='ocrx_word' id='word_1_9' title='bbox 720 294 863 356; x_wconf 75' lang='lat' dir='ltr'>Arcadiam</span> <span class='ocrx_word' id='word_1_10' title='bbox 886 292 960 356; x_wconf 79' lang='lat' dir='ltr'>sus?</span> 
     </span>
     <span class='ocr_line' id='line_1_3' title="bbox 195 382 1158 465; baseline 0 -19"><span class='ocrx_word' id='word_1_11' title='bbox 195 386 300 465; x_wconf 85' lang='lat' dir='ltr'>quidve</span> <span class='ocrx_word' id='word_1_12' title='bbox 323 387 482 464; x_wconf 78' lang='lat' dir='ltr'>tripectora</span> <span class='ocrx_word' id='word_1_13' title='bbox 503 386 661 462; x_wconf 78' lang='lat' dir='ltr'>tergemini</span> <span class='ocrx_word' id='word_1_14' title='bbox 684 385 729 443; x_wconf 87' lang='lat' dir='ltr'>vis</span> <span class='ocrx_word' id='word_1_15' title='bbox 753 382 900 462; x_wconf 78' lang='lat' dir='ltr'>Geryonai</span> <span class='ocrx_word' id='word_1_16' title='bbox 1127 407 1158 446; x_wconf 80' lang='lat' dir='ltr'>ss</span> 
     </span>
    </p>
   </div>
   <div class='ocr_carea' id='block_1_3' title="bbox 142 556 1158 3541">
    <p class='ocr_par' dir='ltr' id='par_1_3' title="bbox 142 556 1158 1079">
     <span class='ocr_line' id='line_1_4' title="bbox 142 556 1158 639; baseline 0 -17"><span class='ocrx_word' id='word_1_17' title='bbox 142 578 175 629; x_wconf 84' lang='lat'>31</span> <span class='ocrx_word' id='word_1_18' title='bbox 194 568 275 621; x_wconf 91' lang='lat' dir='ltr'>tanto</span> <span class='ocrx_word' id='word_1_19' title='bbox 299 578 387 639; x_wconf 89' lang='lat' dir='ltr'>opere</span> <span class='ocrx_word' id='word_1_20' title='bbox 411 560 563 620; x_wconf 84' lang='lat' dir='ltr'>officerent</span> <span class='ocrx_word' id='word_1_21' title='bbox 584 558 672 619; x_wconf 91' lang='lat' dir='ltr'>nobis</span> <span class='ocrx_word' id='word_1_22' title='bbox 695 558 863 637; x_wconf 74' lang='lat' dir='ltr'>Stymphala</span> <span class='ocrx_word' id='word_1_23' title='bbox 886 556 1038 621; x_wconf 81' lang='lat' dir='ltr'>colentes?</span> <span class='ocrx_word' id='word_1_24' title='bbox 1119 557 1158 622; x_wconf 59' lang='lat' dir='ltr'>‘ss</span> 
     </span>
     <span class='ocr_line' id='line_1_5' title="bbox 195 646 1158 726; baseline 0 -15"><span class='ocrx_word' id='word_1_25' title='bbox 195 657 225 711; x_wconf 92' lang='lat' dir='ltr'>et</span> <span class='ocrx_word' id='word_1_26' title='bbox 246 648 395 711; x_wconf 86' lang='lat' dir='ltr'>Diomedis</span> <span class='ocrx_word' id='word_1_27' title='bbox 417 650 487 726; x_wconf 93' lang='lat' dir='ltr'>equi</span> <span class='ocrx_word' id='word_1_28' title='bbox 509 649 655 725; x_wconf 83' lang='lat' dir='ltr'>spirantes</span> <span class='ocrx_word' id='word_1_29' title='bbox 677 646 799 707; x_wconf 90' lang='lat' dir='ltr'>naribus</span> <span class='ocrx_word' id='word_1_30' title='bbox 822 649 921 726; x_wconf 88' lang='lat' dir='ltr'>iguem</span> <span class='ocrx_word' id='word_1_31' title='bbox 1126 670 1158 711; x_wconf 84' lang='lat' dir='ltr'>ss</span> 
     </span>
     <span class='ocr_line' id='line_1_6' title="bbox 143 733 1157 815; baseline 0.001 -17"><span class='ocrx_word' id='word_1_32' title='bbox 143 755 179 806; x_wconf 87' lang='lat'>30</span> <span class='ocrx_word' id='word_1_33' title='bbox 194 738 316 798; x_wconf 85' lang='lat' dir='ltr'>Thracis</span> <span class='ocrx_word' id='word_1_34' title='bbox 338 736 543 814; x_wconf 88' lang='lat' dir='ltr'>Bistoniasque</span> <span class='ocrx_word' id='word_1_35' title='bbox 565 734 667 815; x_wconf 86' lang='lat' dir='ltr'>plagas</span> <span class='ocrx_word' id='word_1_36' title='bbox 689 742 776 813; x_wconf 87' lang='lat' dir='ltr'>atque</span> <span class='ocrx_word' id='word_1_37' title='bbox 799 733 910 795; x_wconf 90' lang='lat' dir='ltr'>lsmara</span> <span class='ocrx_word' id='word_1_38' title='bbox 933 742 1066 815; x_wconf 86' lang='lat' dir='ltr'>propter,</span> <span class='ocrx_word' id='word_1_39' title='bbox 1126 760 1157 799; x_wconf 85' lang='lat' dir='ltr'>so</span> 
     </span>
     <span class='ocr_line' id='line_1_7' title="bbox 144 822 1156 904; baseline -0.003 -14"><span class='ocrx_word' id='word_1_40' title='bbox 144 844 178 893; x_wconf 83' lang='lat' dir='ltr'>ao</span> <span class='ocrx_word' id='word_1_41' title='bbox 195 843 341 904; x_wconf 87' lang='lat' dir='ltr'>aureaque</span> <span class='ocrx_word' id='word_1_42' title='bbox 364 823 560 903; x_wconf 85' lang='lat' dir='ltr'>Hesperidum</span> <span class='ocrx_word' id='word_1_43' title='bbox 582 841 702 883; x_wconf 85' lang='lat' dir='ltr'>servans</span> <span class='ocrx_word' id='word_1_44' title='bbox 725 822 866 901; x_wconf 82' lang='lat' dir='ltr'>fulgentia</span> <span class='ocrx_word' id='word_1_45' title='bbox 889 822 979 903; x_wconf 88' lang='lat' dir='ltr'>mala,</span> <span class='ocrx_word' id='word_1_46' title='bbox 1043 876 1047 883; x_wconf 92' lang='lat'><em>.</em></span> <span class='ocrx_word' id='word_1_47' title='bbox 1125 847 1156 887; x_wconf 82' lang='lat' dir='ltr'>ss</span> 
     </span>
     <span class='ocr_line' id='line_1_8' title="bbox 196 910 982 993; baseline -0.004 -19"><span class='ocrx_word' id='word_1_48' title='bbox 196 932 295 993; x_wconf 86' lang='lat' dir='ltr'>asper,</span> <span class='ocrx_word' id='word_1_49' title='bbox 317 910 422 973; x_wconf 88' lang='lat' dir='ltr'>acerba</span> <span class='ocrx_word' id='word_1_50' title='bbox 444 918 543 991; x_wconf 80' lang='lat' dir='ltr'>tuens,</span> <span class='ocrx_word' id='word_1_51' title='bbox 566 913 688 971; x_wconf 89' lang='lat' dir='ltr'>immani</span> <span class='ocrx_word' id='word_1_52' title='bbox 710 928 835 989; x_wconf 90' lang='lat' dir='ltr'>corpore</span> <span class='ocrx_word' id='word_1_53' title='bbox 858 929 982 990; x_wconf 89' lang='lat' dir='ltr'>serpeus</span> 
     </span>
     <span class='ocr_line' id='line_1_9' title="bbox 196 998 1015 1079; baseline -0.005 -16"><span class='ocrx_word' id='word_1_54' title='bbox 196 1001 310 1063; x_wconf 88' lang='lat' dir='ltr'>arboris</span> <span class='ocrx_word' id='word_1_55' title='bbox 333 999 483 1079; x_wconf 85' lang='lat' dir='ltr'>amplexus</span> <span class='ocrx_word' id='word_1_56' title='bbox 507 1000 630 1077; x_wconf 89' lang='lat' dir='ltr'>stirpem</span> <span class='ocrx_word' id='word_1_57' title='bbox 651 998 723 1077; x_wconf 93' lang='lat' dir='ltr'>quid</span> <span class='ocrx_word' id='word_1_58' title='bbox 745 998 873 1077; x_wconf 90' lang='lat' dir='ltr'>denique</span> <span class='ocrx_word' id='word_1_59' title='bbox 896 998 1015 1059; x_wconf 87' lang='lat' dir='ltr'>obesset</span> 
     </span>
    </p>

    <p class='ocr_par' dir='ltr' id='par_1_4' title="bbox 144 1086 1155 1257">
     <span class='ocr_line' id='line_1_10' title="bbox 144 1086 917 1169; baseline -0.001 -20"><span class='ocrx_word' id='word_1_60' title='bbox 144 1106 180 1157; x_wconf 85' lang='lat'>35</span> <span class='ocrx_word' id='word_1_61' title='bbox 195 1097 316 1169; x_wconf 93' lang='lat' dir='ltr'>propter</span> <span class='ocrx_word' id='word_1_62' title='bbox 338 1087 502 1148; x_wconf 83' lang='lat' dir='ltr'>Atlanteum</span> <span class='ocrx_word' id='word_1_63' title='bbox 525 1086 595 1147; x_wconf 90' lang='lat' dir='ltr'>litus</span> <span class='ocrx_word' id='word_1_64' title='bbox 617 1086 778 1166; x_wconf 88' lang='lat' dir='ltr'>pelageque</span> <span class='ocrx_word' id='word_1_65' title='bbox 802 1105 917 1168; x_wconf 87' lang='lat' dir='ltr'>severa,</span> 
     </span>
     <span class='ocr_line' id='line_1_11' title="bbox 197 1173 1155 1257; baseline -0.001 -19"><span class='ocrx_word' id='word_1_66' title='bbox 197 1196 255 1257; x_wconf 92' lang='lat' dir='ltr'>quo</span> <span class='ocrx_word' id='word_1_67' title='bbox 282 1195 378 1256; x_wconf 93' lang='lat' dir='ltr'>neque</span> <span class='ocrx_word' id='word_1_68' title='bbox 404 1182 506 1235; x_wconf 89' lang='lat' dir='ltr'>noster</span> <span class='ocrx_word' id='word_1_69' title='bbox 533 1174 594 1235; x_wconf 91' lang='lat' dir='ltr'>adit</span> <span class='ocrx_word' id='word_1_70' title='bbox 616 1177 773 1255; x_wconf 89' lang='lat' dir='ltr'>quisquam</span> <span class='ocrx_word' id='word_1_71' title='bbox 794 1193 850 1235; x_wconf 87' lang='lat' dir='ltr'>nco</span> <span class='ocrx_word' id='word_1_72' title='bbox 872 1174 1016 1235; x_wconf 87' lang='lat' dir='ltr'>barbarus</span> <span class='ocrx_word' id='word_1_73' title='bbox 1038 1173 1155 1237; x_wconf 76' lang='lat' dir='ltr'>audet?</span> 
     </span>
    </p>

    <p class='ocr_par' dir='ltr' id='par_1_5' title="bbox 144 1262 1096 1696">
     <span class='ocr_line' id='line_1_12' title="bbox 144 1262 997 1344; baseline -0.009 -13"><span class='ocrx_word' id='word_1_74' title='bbox 144 1282 178 1332; x_wconf 83' lang='lat'>35</span> <span class='ocrx_word' id='word_1_75' title='bbox 196 1267 323 1344; x_wconf 89' lang='lat' dir='ltr'>denique</span> <span class='ocrx_word' id='word_1_76' title='bbox 347 1263 417 1343; x_wconf 88' lang='lat' dir='ltr'>quid</span> <span class='ocrx_word' id='word_1_77' title='bbox 441 1263 544 1324; x_wconf 88' lang='lat' dir='ltr'>Cretae</span> <span class='ocrx_word' id='word_1_78' title='bbox 566 1270 669 1323; x_wconf 88' lang='lat' dir='ltr'>taurus</span> <span class='ocrx_word' id='word_1_79' title='bbox 691 1262 880 1342; x_wconf 87' lang='lat' dir='ltr'>Lernaeaque</span> <span class='ocrx_word' id='word_1_80' title='bbox 903 1265 997 1341; x_wconf 88' lang='lat' dir='ltr'>pestis</span> 
     </span>
     <span class='ocr_line' id='line_1_13' title="bbox 196 1347 883 1433; baseline -0.003 -20"><span class='ocrx_word' id='word_1_81' title='bbox 196 1354 288 1433; x_wconf 82' lang='lat' dir='ltr'>hydra</span> <span class='ocrx_word' id='word_1_82' title='bbox 310 1354 460 1413; x_wconf 85' lang='lat' dir='ltr'>venenatis</span> <span class='ocrx_word' id='word_1_83' title='bbox 482 1358 583 1430; x_wconf 90' lang='lat' dir='ltr'>posset</span> <span class='ocrx_word' id='word_1_84' title='bbox 605 1350 709 1410; x_wconf 88' lang='lat' dir='ltr'>vallata</span> <span class='ocrx_word' id='word_1_85' title='bbox 732 1347 883 1411; x_wconf 80' lang='lat' dir='ltr'>colubris?</span> 
     </span>
     <span class='ocr_line' id='line_1_14' title="bbox 197 1438 1096 1520; baseline -0.003 -17"><span class='ocrx_word' id='word_1_86' title='bbox 197 1449 295 1503; x_wconf 87' lang='lat' dir='ltr'>cetera</span> <span class='ocrx_word' id='word_1_87' title='bbox 317 1440 353 1501; x_wconf 89' lang='lat' dir='ltr'>de</span> <span class='ocrx_word' id='word_1_88' title='bbox 376 1457 483 1519; x_wconf 80' lang='lat' dir='ltr'>genere</span> <span class='ocrx_word' id='word_1_89' title='bbox 501 1438 558 1498; x_wconf 87' lang='lat' dir='ltr'>hoo</span> <span class='ocrx_word' id='word_1_90' title='bbox 581 1456 655 1517; x_wconf 89' lang='lat' dir='ltr'>quae</span> <span class='ocrx_word' id='word_1_91' title='bbox 679 1445 748 1499; x_wconf 95' lang='lat' dir='ltr'>sunt</span> <span class='ocrx_word' id='word_1_92' title='bbox 769 1445 906 1517; x_wconf 86' lang='lat' dir='ltr'>portenta</span> <span class='ocrx_word' id='word_1_93' title='bbox 927 1447 1096 1520; x_wconf 87' lang='lat' dir='ltr'>perempta,</span> 
     </span>
     <span class='ocr_line' id='line_1_15' title="bbox 198 1524 1045 1608; baseline -0.001 -18"><span class='ocrx_word' id='word_1_94' title='bbox 198 1533 225 1591; x_wconf 87' lang='lat' dir='ltr'>si</span> <span class='ocrx_word' id='word_1_95' title='bbox 246 1547 312 1595; x_wconf 85' lang='lat' dir='ltr'>non¹</span> <span class='ocrx_word' id='word_1_96' title='bbox 329 1530 405 1588; x_wconf 87' lang='lat' dir='ltr'>ricta</span> <span class='ocrx_word' id='word_1_97' title='bbox 427 1528 537 1608; x_wconf 83' lang='lat' dir='ltr'>forent,</span> <span class='ocrx_word' id='word_1_98' title='bbox 560 1526 631 1604; x_wconf 94' lang='lat' dir='ltr'>quid</span> <span class='ocrx_word' id='word_1_99' title='bbox 652 1526 771 1586; x_wconf 91' lang='lat' dir='ltr'>tandem</span> <span class='ocrx_word' id='word_1_100' title='bbox 793 1529 857 1587; x_wconf 86' lang='lat' dir='ltr'>riva</span> <span class='ocrx_word' id='word_1_101' title='bbox 880 1524 1045 1589; x_wconf 80' lang='lat' dir='ltr'>nocerent?</span> 
     </span>
     <span class='ocr_line' id='line_1_16' title="bbox 197 1615 981 1696; baseline -0.003 -18"><span class='ocrx_word' id='word_1_102' title='bbox 197 1617 253 1696; x_wconf 83' lang='lat' dir='ltr'>nil,</span> <span class='ocrx_word' id='word_1_103' title='bbox 274 1623 308 1677; x_wconf 93' lang='lat' dir='ltr'>ut</span> <span class='ocrx_word' id='word_1_104' title='bbox 331 1618 447 1695; x_wconf 90' lang='lat' dir='ltr'>opinor:</span> <span class='ocrx_word' id='word_1_105' title='bbox 470 1616 510 1675; x_wconf 90' lang='lat' dir='ltr'>ita</span> <span class='ocrx_word' id='word_1_106' title='bbox 533 1615 568 1674; x_wconf 92' lang='lat' dir='ltr'>ad</span> <span class='ocrx_word' id='word_1_107' title='bbox 592 1616 726 1673; x_wconf 87' lang='lat' dir='ltr'>satiatem</span> <span class='ocrx_word' id='word_1_108' title='bbox 748 1621 827 1674; x_wconf 89' lang='lat' dir='ltr'>terra</span> <span class='ocrx_word' id='word_1_109' title='bbox 850 1615 981 1676; x_wconf 84' lang='lat' dir='ltr'>serarum</span> 
     </span>
    </p>

    <p class='ocr_par' dir='ltr' id='par_1_6' title="bbox 146 1700 1097 2137">
     <span class='ocr_line' id='line_1_17' title="bbox 146 1700 987 1781; baseline -0.012 -9"><span class='ocrx_word' id='word_1_110' title='bbox 146 1723 180 1771; x_wconf 79' lang='lat'>40</span> <span class='ocrx_word' id='word_1_111' title='bbox 197 1723 277 1766; x_wconf 90' lang='lat' dir='ltr'>nuuc</span> <span class='ocrx_word' id='word_1_112' title='bbox 299 1705 387 1764; x_wconf 88' lang='lat' dir='ltr'>etiam</span> <span class='ocrx_word' id='word_1_113' title='bbox 410 1705 496 1763; x_wconf 88' lang='lat' dir='ltr'>scatit</span> <span class='ocrx_word' id='word_1_114' title='bbox 518 1709 548 1762; x_wconf 89' lang='lat' dir='ltr'>ct</span> <span class='ocrx_word' id='word_1_115' title='bbox 569 1702 685 1780; x_wconf 91' lang='lat' dir='ltr'>trepido</span> <span class='ocrx_word' id='word_1_116' title='bbox 707 1708 822 1763; x_wconf 86' lang='lat' dir='ltr'>terrore</span> <span class='ocrx_word' id='word_1_117' title='bbox 845 1700 987 1781; x_wconf 91' lang='lat' dir='ltr'>repletast</span> 
     </span>
     <span class='ocr_line' id='line_1_18' title="bbox 197 1790 1097 1872; baseline -0.002 -19"><span class='ocrx_word' id='word_1_118' title='bbox 197 1811 251 1872; x_wconf 90' lang='lat' dir='ltr'>per</span> <span class='ocrx_word' id='word_1_119' title='bbox 273 1809 393 1852; x_wconf 90' lang='lat' dir='ltr'>nemora</span> <span class='ocrx_word' id='word_1_120' title='bbox 415 1809 449 1852; x_wconf 87' lang='lat' dir='ltr'>ac</span> <span class='ocrx_word' id='word_1_121' title='bbox 470 1796 585 1850; x_wconf 90' lang='lat' dir='ltr'>montes</span> <span class='ocrx_word' id='word_1_122' title='bbox 607 1807 728 1868; x_wconf 88' lang='lat' dir='ltr'>magnos</span> <span class='ocrx_word' id='word_1_123' title='bbox 751 1790 897 1869; x_wconf 85' lang='lat' dir='ltr'>silvasque</span> <span class='ocrx_word' id='word_1_124' title='bbox 920 1791 1097 1871; x_wconf 81' lang='lat' dir='ltr'>profundas3</span> 
     </span>
     <span class='ocr_line' id='line_1_19' title="bbox 199 1877 1001 1960; baseline -0.001 -19"><span class='ocrx_word' id='word_1_125' title='bbox 199 1898 273 1960; x_wconf 88' lang='lat' dir='ltr'>quae</span> <span class='ocrx_word' id='word_1_126' title='bbox 295 1878 358 1940; x_wconf 92' lang='lat' dir='ltr'>loca</span> <span class='ocrx_word' id='word_1_127' title='bbox 381 1877 492 1939; x_wconf 88' lang='lat' dir='ltr'>vitandi</span> <span class='ocrx_word' id='word_1_128' title='bbox 514 1877 717 1959; x_wconf 89' lang='lat' dir='ltr'>plerumquest</span> <span class='ocrx_word' id='word_1_129' title='bbox 737 1885 839 1939; x_wconf 92' lang='lat' dir='ltr'>nostra</span> <span class='ocrx_word' id='word_1_130' title='bbox 861 1885 1001 1958; x_wconf 84' lang='lat' dir='ltr'>potestas.</span> 
     </span>
     <span class='ocr_line' id='line_1_20' title="bbox 199 1966 995 2047; baseline -0.003 -17"><span class='ocrx_word' id='word_1_131' title='bbox 199 1977 229 2031; x_wconf 90' lang='lat' dir='ltr'>at</span> <span class='ocrx_word' id='word_1_132' title='bbox 250 1971 309 2029; x_wconf 93' lang='lat' dir='ltr'>nisi</span> <span class='ocrx_word' id='word_1_133' title='bbox 330 1974 514 2047; x_wconf 85' lang='lat' dir='ltr'>purgatumst</span> <span class='ocrx_word' id='word_1_134' title='bbox 535 1973 652 2047; x_wconf 87' lang='lat' dir='ltr'>pectus,</span> <span class='ocrx_word' id='word_1_135' title='bbox 676 1985 750 2045; x_wconf 92' lang='lat' dir='ltr'>quae</span> <span class='ocrx_word' id='word_1_136' title='bbox 772 1966 884 2045; x_wconf 90' lang='lat' dir='ltr'>proelia</span> <span class='ocrx_word' id='word_1_137' title='bbox 899 1967 995 2028; x_wconf 90' lang='lat' dir='ltr'>nohis</span> 
     </span>
     <span class='ocr_line' id='line_1_21' title="bbox 199 2054 943 2137; baseline -0.005 -18"><span class='ocrx_word' id='word_1_138' title='bbox 199 2065 285 2137; x_wconf 91' lang='lat' dir='ltr'>atque</span> <span class='ocrx_word' id='word_1_139' title='bbox 307 2055 439 2135; x_wconf 88' lang='lat' dir='ltr'>pericula</span> <span class='ocrx_word' id='word_1_140' title='bbox 460 2061 552 2115; x_wconf 93' lang='lat' dir='ltr'>tumst</span> <span class='ocrx_word' id='word_1_141' title='bbox 573 2056 697 2133; x_wconf 86' lang='lat' dir='ltr'>ingratis</span> <span class='ocrx_word' id='word_1_142' title='bbox 720 2054 943 2116; x_wconf 87' lang='lat' dir='ltr'>insinuandum!</span> 
     </span>
    </p>

    <p class='ocr_par' dir='ltr' id='par_1_7' title="bbox 146 2142 1050 2575">
     <span class='ocr_line' id='line_1_22' title="bbox 146 2142 1039 2226; baseline -0.007 -16"><span class='ocrx_word' id='word_1_143' title='bbox 146 2163 180 2210; x_wconf 77' lang='lat'>45</span> <span class='ocrx_word' id='word_1_144' title='bbox 199 2152 323 2226; x_wconf 87' lang='lat' dir='ltr'>quantae</span> <span class='ocrx_word' id='word_1_145' title='bbox 346 2151 409 2205; x_wconf 93' lang='lat' dir='ltr'>tum</span> <span class='ocrx_word' id='word_1_146' title='bbox 432 2144 570 2204; x_wconf 89' lang='lat' dir='ltr'>scindunt</span> <span class='ocrx_word' id='word_1_147' title='bbox 590 2142 741 2202; x_wconf 89' lang='lat' dir='ltr'>hominem</span> <span class='ocrx_word' id='word_1_148' title='bbox 764 2142 938 2222; x_wconf 84' lang='lat' dir='ltr'>cuppedinis</span> <span class='ocrx_word' id='word_1_149' title='bbox 961 2146 1039 2204; x_wconf 89' lang='lat' dir='ltr'>acris</span> 
     </span>
     <span class='ocr_line' id='line_1_23' title="bbox 199 2230 967 2312; baseline -0.004 -18"><span class='ocrx_word' id='word_1_150' title='bbox 199 2234 356 2294; x_wconf 90' lang='lat' dir='ltr'>sollicitum</span> <span class='ocrx_word' id='word_1_151' title='bbox 379 2250 479 2312; x_wconf 84' lang='lat' dir='ltr'>curae,</span> <span class='ocrx_word' id='word_1_152' title='bbox 503 2231 662 2309; x_wconf 83' lang='lat' dir='ltr'>quantique</span> <span class='ocrx_word' id='word_1_153' title='bbox 684 2231 807 2309; x_wconf 91' lang='lat' dir='ltr'>perinde</span> <span class='ocrx_word' id='word_1_154' title='bbox 830 2230 967 2292; x_wconf 88' lang='lat' dir='ltr'>timores!</span> 
     </span>
     <span class='ocr_line' id='line_1_24' title="bbox 199 2316 1050 2401; baseline -0.002 -19"><span class='ocrx_word' id='word_1_155' title='bbox 199 2321 304 2401; x_wconf 87' lang='lat' dir='ltr'>quidve</span> <span class='ocrx_word' id='word_1_156' title='bbox 328 2320 465 2399; x_wconf 90' lang='lat' dir='ltr'>superbia</span> <span class='ocrx_word' id='word_1_157' title='bbox 489 2320 629 2398; x_wconf 87' lang='lat' dir='ltr'>spurcitia</span> <span class='ocrx_word' id='word_1_158' title='bbox 652 2336 685 2378; x_wconf 89' lang='lat' dir='ltr'>ao</span> <span class='ocrx_word' id='word_1_159' title='bbox 707 2316 889 2397; x_wconf 78' lang='lat' dir='ltr'>petulantia?</span> <span class='ocrx_word' id='word_1_160' title='bbox 925 2327 1050 2397; x_wconf 88' lang='lat' dir='ltr'>quantas</span> 
     </span>
     <span class='ocr_line' id='line_1_25' title="bbox 199 2404 914 2485; baseline -0.006 -14"><span class='ocrx_word' id='word_1_161' title='bbox 199 2411 331 2471; x_wconf 89' lang='lat' dir='ltr'>efficiunt</span> <span class='ocrx_word' id='word_1_162' title='bbox 353 2405 462 2468; x_wconf 82' lang='lat' dir='ltr'>clades!</span> <span class='ocrx_word' id='word_1_163' title='bbox 499 2406 569 2484; x_wconf 94' lang='lat' dir='ltr'>quid</span> <span class='ocrx_word' id='word_1_164' title='bbox 592 2405 678 2466; x_wconf 84' lang='lat' dir='ltr'>luxus</span> <span class='ocrx_word' id='word_1_165' title='bbox 701 2404 914 2485; x_wconf 78' lang='lat' dir='ltr'>desidiaeque?</span> 
     </span>
     <span class='ocr_line' id='line_1_26' title="bbox 198 2493 993 2575; baseline -0.006 -17"><span class='ocrx_word' id='word_1_166' title='bbox 198 2499 270 2558; x_wconf 91' lang='lat' dir='ltr'>haec</span> <span class='ocrx_word' id='word_1_167' title='bbox 292 2498 383 2575; x_wconf 85' lang='lat' dir='ltr'>igitur</span> <span class='ocrx_word' id='word_1_168' title='bbox 406 2497 457 2574; x_wconf 94' lang='lat' dir='ltr'>qui</span> <span class='ocrx_word' id='word_1_169' title='bbox 479 2501 583 2555; x_wconf 87' lang='lat' dir='ltr'>cuncta</span> <span class='ocrx_word' id='word_1_170' title='bbox 605 2493 755 2572; x_wconf 85' lang='lat' dir='ltr'>subegerit</span> <span class='ocrx_word' id='word_1_171' title='bbox 777 2513 813 2554; x_wconf 83' lang='lat' dir='ltr'>ex</span> <span class='ocrx_word' id='word_1_172' title='bbox 836 2497 993 2573; x_wconf 89' lang='lat' dir='ltr'>animoque</span> 
     </span>
    </p>

    <p class='ocr_par' dir='ltr' id='par_1_8' title="bbox 147 2582 996 3017">
     <span class='ocr_line' id='line_1_27' title="bbox 147 2582 938 2664; baseline -0.013 -12"><span class='ocrx_word' id='word_1_173' title='bbox 147 2603 181 2653; x_wconf 84' lang='lat'>50</span> <span class='ocrx_word' id='word_1_174' title='bbox 199 2584 346 2664; x_wconf 80' lang='lat' dir='ltr'>expulerit</span> <span class='ocrx_word' id='word_1_175' title='bbox 368 2584 469 2663; x_wconf 87' lang='lat' dir='ltr'>dictis,</span> <span class='ocrx_word' id='word_1_176' title='bbox 492 2600 552 2642; x_wconf 93' lang='lat' dir='ltr'>non</span> <span class='ocrx_word' id='word_1_177' title='bbox 574 2584 678 2662; x_wconf 84' lang='lat' dir='ltr'>armis,</span> <span class='ocrx_word' id='word_1_178' title='bbox 700 2599 798 2642; x_wconf 90' lang='lat' dir='ltr'>nonne</span> <span class='ocrx_word' id='word_1_179' title='bbox 821 2582 938 2643; x_wconf 86' lang='lat' dir='ltr'>decebit</span> 
     </span>
     <span class='ocr_line' id='line_1_28' title="bbox 198 2666 996 2748; baseline -0.005 -14"><span class='ocrx_word' id='word_1_180' title='bbox 198 2674 277 2734; x_wconf 92' lang='lat' dir='ltr'>hunc</span> <span class='ocrx_word' id='word_1_181' title='bbox 299 2672 449 2732; x_wconf 89' lang='lat' dir='ltr'>homiuem</span> <span class='ocrx_word' id='word_1_182' title='bbox 471 2687 593 2730; x_wconf 89' lang='lat' dir='ltr'>numero</span> <span class='ocrx_word' id='word_1_183' title='bbox 617 2669 714 2729; x_wconf 85' lang='lat' dir='ltr'>divom</span> <span class='ocrx_word' id='word_1_184' title='bbox 737 2670 886 2748; x_wconf 83' lang='lat' dir='ltr'>dignarier</span> <span class='ocrx_word' id='word_1_185' title='bbox 908 2666 996 2731; x_wconf 82' lang='lat' dir='ltr'>esse?</span> 
     </span>
     <span class='ocr_line' id='line_1_29' title="bbox 199 2757 992 2838; baseline -0.008 -15"><span class='ocrx_word' id='word_1_186' title='bbox 199 2780 266 2823; x_wconf 91' lang='lat' dir='ltr'>cum</span> <span class='ocrx_word' id='word_1_187' title='bbox 289 2759 364 2820; x_wconf 90' lang='lat' dir='ltr'>hene</span> <span class='ocrx_word' id='word_1_188' title='bbox 387 2760 562 2838; x_wconf 89' lang='lat' dir='ltr'>praesertim</span> <span class='ocrx_word' id='word_1_189' title='bbox 585 2757 675 2818; x_wconf 89' lang='lat' dir='ltr'>multa</span> <span class='ocrx_word' id='word_1_190' title='bbox 698 2776 732 2819; x_wconf 88' lang='lat' dir='ltr'>ao</span> <span class='ocrx_word' id='word_1_191' title='bbox 754 2758 895 2818; x_wconf 85' lang='lat' dir='ltr'>divinitus</span> <span class='ocrx_word' id='word_1_192' title='bbox 918 2760 992 2837; x_wconf 91' lang='lat' dir='ltr'>ipsis</span> 
     </span>
     <span class='ocr_line' id='line_1_30' title="bbox 199 2845 874 2910; baseline -0.004 -1"><span class='ocrx_word' id='word_1_193' title='bbox 199 2848 406 2910; x_wconf 89' lang='lat' dir='ltr'>immortalibu&#39;</span> <span class='ocrx_word' id='word_1_194' title='bbox 430 2847 465 2907; x_wconf 91' lang='lat' dir='ltr'>de</span> <span class='ocrx_word' id='word_1_195' title='bbox 489 2845 564 2906; x_wconf 91' lang='lat' dir='ltr'>divis</span> <span class='ocrx_word' id='word_1_196' title='bbox 586 2845 657 2906; x_wconf 92' lang='lat' dir='ltr'>dare</span> <span class='ocrx_word' id='word_1_197' title='bbox 679 2845 757 2906; x_wconf 91' lang='lat' dir='ltr'>dicta</span> <span class='ocrx_word' id='word_1_198' title='bbox 781 2848 874 2906; x_wconf 71' lang='lat' dir='ltr'>suerit</span> 
     </span>
     <span class='ocr_line' id='line_1_31' title="bbox 199 2932 976 3017; baseline -0.005 -19"><span class='ocrx_word' id='word_1_199' title='bbox 199 2946 286 3017; x_wconf 90' lang='lat' dir='ltr'>atque</span> <span class='ocrx_word' id='word_1_200' title='bbox 311 2953 427 2996; x_wconf 89' lang='lat' dir='ltr'>omnem</span> <span class='ocrx_word' id='word_1_201' title='bbox 450 2953 550 2994; x_wconf 90' lang='lat' dir='ltr'>rerum</span> <span class='ocrx_word' id='word_1_202' title='bbox 572 2940 706 2993; x_wconf 90' lang='lat' dir='ltr'>naturam</span> <span class='ocrx_word' id='word_1_203' title='bbox 728 2932 857 3012; x_wconf 89' lang='lat' dir='ltr'>pandere</span> <span class='ocrx_word' id='word_1_204' title='bbox 881 2934 976 2994; x_wconf 92' lang='lat' dir='ltr'>dictis.</span> 
     </span>
    </p>

    <p class='ocr_par' dir='ltr' id='par_1_9' title="bbox 147 3022 1016 3454">
     <span class='ocr_line' id='line_1_32' title="bbox 147 3022 976 3102; baseline -0.012 -11"><span class='ocrx_word' id='word_1_205' title='bbox 147 3041 180 3091; x_wconf 80' lang='lat'>55</span> <span class='ocrx_word' id='word_1_206' title='bbox 244 3025 334 3086; x_wconf 83' lang='lat' dir='ltr'>Cuius</span> <span class='ocrx_word' id='word_1_207' title='bbox 358 3042 412 3102; x_wconf 90' lang='lat' dir='ltr'>ego</span> <span class='ocrx_word' id='word_1_208' title='bbox 435 3025 586 3101; x_wconf 89' lang='lat' dir='ltr'>ingressus</span> <span class='ocrx_word' id='word_1_209' title='bbox 609 3023 732 3099; x_wconf 86' lang='lat' dir='ltr'>vestigia</span> <span class='ocrx_word' id='word_1_210' title='bbox 754 3022 825 3084; x_wconf 92' lang='lat' dir='ltr'>dum</span> <span class='ocrx_word' id='word_1_211' title='bbox 846 3024 976 3082; x_wconf 90' lang='lat' dir='ltr'>rationes</span> 
     </span>
     <span class='ocr_line' id='line_1_33' title="bbox 199 3110 1016 3193; baseline -0.004 -21"><span class='ocrx_word' id='word_1_212' title='bbox 199 3131 363 3193; x_wconf 83' lang='lat' dir='ltr'>persequor</span> <span class='ocrx_word' id='word_1_213' title='bbox 386 3130 419 3171; x_wconf 90' lang='lat' dir='ltr'>ac</span> <span class='ocrx_word' id='word_1_214' title='bbox 442 3110 533 3171; x_wconf 87' lang='lat' dir='ltr'>doceo</span> <span class='ocrx_word' id='word_1_215' title='bbox 556 3110 657 3190; x_wconf 86' lang='lat' dir='ltr'>dictis,</span> <span class='ocrx_word' id='word_1_216' title='bbox 680 3127 738 3188; x_wconf 89' lang='lat' dir='ltr'>quo</span> <span class='ocrx_word' id='word_1_217' title='bbox 762 3128 894 3190; x_wconf 87' lang='lat' dir='ltr'>quaeque</span> <span class='ocrx_word' id='word_1_218' title='bbox 917 3116 1016 3170; x_wconf 87' lang='lat' dir='ltr'>creata</span> 
     </span>
     <span class='ocr_line' id='line_1_34' title="bbox 199 3198 1007 3277; baseline -0.004 -17"><span class='ocrx_word' id='word_1_219' title='bbox 199 3201 318 3261; x_wconf 85' lang='lat' dir='ltr'>loedere</span> <span class='ocrx_word' id='word_1_220' title='bbox 343 3202 415 3277; x_wconf 88' lang='lat' dir='ltr'>sint,</span> <span class='ocrx_word' id='word_1_221' title='bbox 438 3201 470 3259; x_wconf 92' lang='lat' dir='ltr'>in</span> <span class='ocrx_word' id='word_1_222' title='bbox 492 3216 527 3258; x_wconf 90' lang='lat' dir='ltr'>eo</span> <span class='ocrx_word' id='word_1_223' title='bbox 551 3216 638 3276; x_wconf 91' lang='lat' dir='ltr'>quam</span> <span class='ocrx_word' id='word_1_224' title='bbox 660 3199 700 3257; x_wconf 95' lang='lat' dir='ltr'>sit</span> <span class='ocrx_word' id='word_1_225' title='bbox 721 3198 827 3258; x_wconf 90' lang='lat' dir='ltr'>durare</span> <span class='ocrx_word' id='word_1_226' title='bbox 850 3215 1007 3259; x_wconf 89' lang='lat' dir='ltr'>necessum</span> 
     </span>
     <span class='ocr_line' id='line_1_35' title="bbox 200 3285 918 3367; baseline -0.003 -19"><span class='ocrx_word' id='word_1_227' title='bbox 200 3305 256 3348; x_wconf 90' lang='lat' dir='ltr'>nec</span> <span class='ocrx_word' id='word_1_228' title='bbox 279 3285 388 3345; x_wconf 89' lang='lat' dir='ltr'>validas</span> <span class='ocrx_word' id='word_1_229' title='bbox 411 3285 525 3346; x_wconf 85' lang='lat' dir='ltr'>valeant</span> <span class='ocrx_word' id='word_1_230' title='bbox 547 3289 610 3346; x_wconf 85' lang='lat' dir='ltr'>aevi</span> <span class='ocrx_word' id='word_1_231' title='bbox 632 3285 802 3346; x_wconf 88' lang='lat' dir='ltr'>rescindere</span> <span class='ocrx_word' id='word_1_232' title='bbox 823 3285 918 3367; x_wconf 84' lang='lat' dir='ltr'>leges,</span> 
     </span>
     <span class='ocr_line' id='line_1_36' title="bbox 202 3375 977 3454; baseline 0.005 -20"><span class='ocrx_word' id='word_1_233' title='bbox 202 3392 259 3453; x_wconf 94' lang='lat' dir='ltr'>quo</span> <span class='ocrx_word' id='word_1_234' title='bbox 283 3391 391 3451; x_wconf 85' lang='lat' dir='ltr'>genere</span> <span class='ocrx_word' id='word_1_235' title='bbox 414 3375 445 3432; x_wconf 90' lang='lat' dir='ltr'>in</span> <span class='ocrx_word' id='word_1_236' title='bbox 467 3376 571 3452; x_wconf 89' lang='lat' dir='ltr'>primis</span> <span class='ocrx_word' id='word_1_237' title='bbox 594 3376 684 3434; x_wconf 93' lang='lat' dir='ltr'>animi</span> <span class='ocrx_word' id='word_1_238' title='bbox 705 3381 809 3435; x_wconf 89' lang='lat' dir='ltr'>natura</span> <span class='ocrx_word' id='word_1_239' title='bbox 831 3385 977 3454; x_wconf 86' lang='lat' dir='ltr'>repertast</span> 
     </span>
    </p>

    <p class='ocr_par' dir='ltr' id='par_1_10' title="bbox 149 3462 885 3541">
     <span class='ocr_line' id='line_1_37' title="bbox 149 3462 885 3541; baseline -0.005 -14"><span class='ocrx_word' id='word_1_240' title='bbox 149 3463 300 3527; x_wconf 72' lang='lat' dir='ltr'>donativo</span> <span class='ocrx_word' id='word_1_241' title='bbox 323 3462 451 3538; x_wconf 91' lang='lat' dir='ltr'>primum</span> <span class='ocrx_word' id='word_1_242' title='bbox 474 3463 635 3522; x_wconf 87' lang='lat' dir='ltr'>consistere</span> <span class='ocrx_word' id='word_1_243' title='bbox 658 3480 781 3541; x_wconf 83' lang='lat' dir='ltr'>corpore</span> <span class='ocrx_word' id='word_1_244' title='bbox 805 3470 885 3524; x_wconf 88' lang='lat' dir='ltr'>oreta</span> 
     </span>
    </p>
   </div>
   <div class='ocr_carea' id='block_1_4' title="bbox 0 0 1247 3800">
    <p class='ocr_par' dir='ltr' id='par_1_11' title="bbox 0 0 1247 3800">
     <span class='ocr_line' id='line_1_38' title="bbox 0 0 1247 3800; baseline 0 0"><span class='ocrx_word' id='word_1_245' title='bbox 0 0 1247 3800; x_wconf 95' lang='lat' dir='ltr'> </span> 
     </span>
    </p>
   </div>
  </div>
 </body>
</html>
