2484 3800
167 137 261 202 XVIII
532 144 814 211 Puonnuounut.

170 293 323 354 offendunt
350 294 393 353 eis
421 291 652 373 adnumeranda,
679 292 788 372 quibus
815 291 982 353 declarattu·
1006 291 1180 354 LucretIum
1230 300 1231 369 i

171 399 290 442 carmen
318 381 354 441 de
377 399 478 441 rerum
504 389 608 442 natura
635 399 696 442 non
717 382 888 459 perfecisse.
931 383 1075 441 maiorem
1097 383 1180 442 enim

170 469 288 530 illenim
315 471 504 530 iterationum
531 476 646 548 partem
673 476 767 529 ortam
794 487 874 549 esse,
903 486 971 529 eum
992 475 1080 548 poeta
1101 468 1179 530 rele·
1230 468 1231 499 ³

170 565 254 636 geret
276 573 350 636 quae
374 564 440 619 ante
464 559 633 639 scripserat,
654 559 717 618 veri
740 564 787 618 est
803 555 994 618 simillimum
1030 559 1090 617 iam
1106 575 1180 618 vero

169 645 256 706 facile
278 645 412 706 accidere
435 653 533 724 potest
555 652 596 726 ut,
622 647 648 706 si
672 647 739 724 quis
762 647 794 705 in
815 646 926 706 manre
949 647 1079 706 carmine
1103 647 1179 706 seri-

169 733 267 794 bendo
290 733 409 812 longum
431 751 485 812 per
507 740 624 812 tempus
647 752 767 812 operam
789 740 955 813 consumat,
977 740 1092 812 partem
1112 750 1180 794 oar·
1230 730 1231 791 ἐ

170 824 259 883 minis
283 822 418 900 relegens
440 839 475 883 ea
498 822 613 903 adiciat,
639 839 713 901 quae
735 829 769 882 at
791 840 896 900 parum
918 828 986 900 apta
1007 820 1181 882 sublaturus
1230 818 1231 835 ¹

171 911 222 992 sit,
249 910 302 971 ubi
328 917 423 970 totum
449 910 606 989 perlegens
633 909 671 970 ad
698 928 766 971 enm
793 909 891 970 locum
916 910 1047 970 redierit
1096 910 1179 988 quod
1230 936 1231 949 ¹

169 1089 267 1166 possis
286 1089 386 1168 igitur,
405 1094 489 1148 caute
508 1093 538 1146 et
553 1088 771 1165 circumspecte
785 1084 928 1166 iudicans,
947 1084 1045 1146 dicere
1058 1092 1180 1164 poetam
1230 1082 1231 1163 ᾗ

169 1175 216 1235 vei
238 1177 395 1235 immatura
411 1181 507 1235 morte
530 1174 576 1235 vel
598 1175 702 1235 morbo
725 1173 823 1254 aliquo
842 1175 975 1252 graviore
993 1173 1180 1252 prohibitum
1230 1200 1231 1233 ;

169 1263 277 1343 videri,
318 1265 475 1340 quominus
510 1271 646 1341 poemata
683 1281 736 1323 sua
770 1262 908 1323 ultimtun
943 1269 1106 1323 retractans
1142 1281 1180 1322 ea

170 1348 287 1411 tolleret
314 1357 364 1410 aut
395 1349 578 1431 emendaret,
606 1368 680 1429 quae
706 1357 818 1411 temere
840 1350 887 1410 vel
909 1356 989 1410 certe
1011 1368 1118 1428 parum
1138 1351 1178 1410 ad

170 1456 235 1499 rem
256 1437 410 1498 attendens
429 1439 593 1499 adiecisset
629 1455 700 1516 ergo
722 1437 819 1499 nullae
842 1455 983 1499 versuum
1003 1439 1179 1498 iterationes

170 1524 316 1587 tollendae
349 1533 430 1606 sunt,
461 1528 521 1586 nisi
552 1543 617 1606 eae,
653 1544 728 1605 quae
760 1526 797 1586 ab
828 1528 894 1606 ipso
925 1532 1012 1605 poeta
1043 1544 1080 1586 ne
1112 1533 1179 1587 tum

172 1615 304 1695 quidem,
340 1632 407 1674 oum
443 1613 519 1674 sorte
550 1631 656 1693 parum
687 1612 869 1694 attendebat,
903 1615 1059 1675 videantur
1087 1632 1179 1694 posse
1230 1662 1231 1665 ,

170 1702 320 1782 proiectae
342 1719 418 1762 esse.
1230 1700 1231 1763 t

260 1790 318 1850 Sed
345 1793 404 1850 iam
430 1790 585 1849 redeamus
613 1788 649 1849 ad
671 1789 903 1850 Lachmannum:
930 1790 979 1850 hic
1002 1791 1082 1850 enim
1104 1791 1178 1869 quid
1230 1812 1231 1831 ³

171 1881 203 1939 in
230 1878 351 1939 Lucreti
381 1879 510 1939 carmine
538 1877 721 1939 emendando
747 1877 908 1939 tenendum
935 1885 965 1940 et
990 1878 1179 1959 sequendum

172 1970 334 2048 censuerit,
356 1973 423 2027 ante
447 1968 545 2027 omnIa
566 1966 726 2027 videndum
748 1974 779 2028 et
799 1966 1042 2047 perpendendum
1065 1970 1131 2028 erit.

258 2055 391 2115 Primum
417 2056 520 2135 igitur,
547 2053 584 2114 de
611 2062 674 2115 arte
701 2056 836 2135 metrica,
863 2062 944 2115 recte
970 2053 1180 2117 Lachmannns
1230 2087 1231 2090 ¹

172 2144 323 2205 contendit
344 2142 515 2205 Lucretium
541 2160 645 2203 versus
668 2143 704 2203 ad
726 2142 858 2221 reguiam
880 2150 910 2203 et
932 2146 1073 2204 amussim
1096 2161 1179 2204 com-

170 2235 319 2313 posuisse,
351 2231 388 2292 cf.
416 2249 519 2291 comm.
547 2249 575 2310 p.
600 2227 656 2311 75,
684 2248 890 2309 summumque
917 2230 1009 2291 fuisse
1036 2249 1180 2293 versuum

171 2323 327 2401 artificem,
349 2339 377 2399 p.
401 2316 479 2380 323:
502 2317 554 2379 sed
576 2317 669 2399 idem,
691 2320 781 2379 nimis
803 2321 898 2399 regie,
921 2321 1035 2399 opinor,
1056 2318 1180 2381 Lucreti

171 2417 265 2471 artem
292 2406 452 2469 artioribus
480 2407 698 2467 circumscribit
722 2405 845 2467 finibus:
877 2425 934 2485 qua
961 2409 993 2467 in
1014 2425 1180 2469 revereor

170 2504 203 2557 ut
231 2499 302 2557 satis
326 2496 384 2557 sibi
407 2500 533 2556 constet:
559 2512 652 2555 turum
674 2496 755 2555 enim
775 2512 896 2554 versum
916 2494 1138 2574 hypermetrum
1160 2516 1180 2557 a

170 2584 307 2645 Lucretio
335 2586 478 2663 scrIptum
504 2599 564 2642 non
589 2589 690 2663 negat,
716 2600 810 2643 unum
835 2600 955 2643 versum
980 2585 1012 2643 in
1037 2590 1183 2661 quattuor
1230 2599 1231 2632 1

171 2672 317 2751 spondeos
349 2678 506 2733 exeuntem
536 2677 637 2749 negat:
670 2672 769 2749 itaque
801 2670 837 2731 ad
864 2669 883 2731 I
908 2670 949 2730 III
979 2689 1083 2732 versus
1112 2669 1180 2734 198
1230 2697 1231 2706 ¹

170 2760 292 2821 aiteram
322 2766 435 2838 partem
465 2757 713 2838 corrumpendam
745 2760 862 2837 signum
893 2758 987 2839 dedit,
1017 2776 1114 2838 neque
1142 2778 1180 2820 re

169 2854 334 2929 perspecta,
355 2866 424 2908 nam
446 2844 611 2928 spicuam,
634 2849 743 2926 quippe
758 2866 841 2926 quae
863 2864 983 2926 asperae
1002 2849 1072 2927 sint,
1093 2865 1181 2908 men-

169 2940 249 2997 tione
277 2954 378 2996 oarere
406 2953 466 2995 non
492 2952 664 3015 possumus,
695 2953 791 3014 neque
819 2934 938 2996 Lucreti
963 2953 1013 2995 res
1039 2935 1182 3015 rhythmo

170 3024 349 3129 depingendi
367 3026 439 3083 artis
457 3041 579 3105 memor,
597 3025 683 3084 cuius
701 3022 934 3084 luculentissima
952 3021 1085 3101 exempla
1097 3024 1181 3085 hunc
1230 3043 1231 3082 3

170 3116 268 3192 Ipsum
303 3130 422 3173 versum
458 3112 648 3193 antecedunt,
684 3111 720 3172 cs.
754 3110 979 3191 philolXXIII
885 3107 1089 3191 xxffloot,
1124 3111 1183 3173 ubi
1230 3143 1231 3146 ¹

169 3208 268 3261 tamen
294 3199 396 3279 spicas
422 3198 494 3260 salso
522 3202 734 3279 interpretatus
761 3217 840 3279 sum,
870 3198 971 3277 philol
997 3158 1100 3259 XXVII
1125 3197 1183 3281 33,
1230 3267 1231 3278 2

170 3308 235 3351 ann.
258 3288 375 3349 Lucret.
400 3284 484 3351 1873
507 3307 536 3366 p.
561 3285 655 3349 1119.
699 3306 760 3349 non
786 3288 912 3368 rectius,
940 3288 1058 3369 opInor,
1084 3286 1181 3347 Lach-
1230 3297 1231 3344 t

168 3396 294 3438 mannus
309 3376 326 3437 I.
340 3375 377 3435 IV
392 3393 508 3436 versum
524 3372 586 3438 741
602 3383 705 3458 mutat,
723 3394 760 3436 ne
774 3375 930 3436 Lucretius
949 3374 1042 3435 semei
1054 3375 1183 3436 verbum
1230 3405 1231 3408 ¹

169 3466 327 3528 iambicum
350 3463 472 3525 efiserit.
513 3463 583 3541 quid
606 3483 686 3546 vero,
709 3464 787 3543 quod
810 3462 890 3523 idem
912 3464 989 3544 apud
1006 3462 1182 3525 Lucretium
