2484 3800
419 127 701 184 Pnonuuonmnl.
947 129 1066 183 XXXIII

58 285 86 337 et
104 293 168 336 non
187 275 447 337 assimilationibus
466 275 640 355 plemmque
660 283 778 337 secutus
800 295 873 337 sum.
915 276 944 337 id
967 284 1066 338 tamen

58 366 131 425 mihi
157 364 317 425 videndum
340 367 518 446 existimare
545 383 585 425 nc
609 383 726 446 eorum,
754 367 806 443 qui
828 365 935 425 lecturi
957 373 1066 445 essent,

58 472 126 532 pars
159 451 245 513 facile
277 455 384 533 maior,
414 471 515 513 omnes
547 453 697 534 videlicet,
727 455 791 534 qui,
821 472 888 514 cum
921 457 1066 514 sermonis

58 541 141 602 latini
161 543 233 600 satis
249 543 340 620 periti
357 548 465 622 essent,
483 547 582 602 tamen
600 559 660 601 non
674 543 706 600 in
720 542 951 602 accuratioribus
965 560 1066 603 rerum

58 631 316 707 grammaticarum
334 629 440 689 studiis
453 637 651 710 versarentur,
664 632 753 690 nimis
767 629 893 691 iusolitis
908 630 1065 691 verborum

58 719 162 777 formis
180 717 432 796 perturbarentur.
474 720 573 797 itaque
592 718 675 779 nolui
698 717 829 778 scribere
852 714 989 789 lucunas
1010 737 1065 798 pro

57 803 196 879 lomois,
229 801 486 884 repraeheodere,
520 806 598 884 quod
626 808 713 866 etiam
740 806 918 884 Bernaysius
946 809 1065 887 sprevit,

57 892 187 956 remica
215 892 335 974 simiIia,
367 912 434 953 cum
462 912 498 954 ex
526 894 742 954 recentioribus
771 893 933 954 editoribus
959 894 1064 954 llnnro

58 1001 94 1043 nc
108 982 183 1041 illud
196 997 311 1044 vocare
320 981 447 1063 quidem,
462 982 540 1061 qnod
554 1001 608 1061 pro
621 1000 737 1045 vacare
750 985 893 1061 scriptum
904 981 1065 1042 Leidenses

57 1071 123 1149 plus
144 1067 237 1130 semel
255 1069 403 1150 exhibent,
421 1073 641 1150 contempserit,
660 1073 745 1150 quasi
763 1069 905 1131 credihiIe
924 1072 963 1130 sit
976 1088 1064 1131 aurea

59 1161 206 1218 sermonis
229 1157 312 1219 latini
335 1165 429 1218 aetate
450 1159 584 1218 homines
603 1159 634 1218 id
653 1161 758 1238 egisse,
780 1166 814 1219 ut
831 1158 880 1218 illa
899 1159 957 1219 duo
975 1158 1065 1219 verba

58 1265 146 1325 quam
171 1245 307 1306 facillime
327 1249 405 1307 inter
424 1265 456 1306 se
475 1247 615 1308 confundi
632 1254 762 1326 possent.
799 1247 905 1325 quodsi
923 1248 980 1306 iam
999 1247 1066 1306 ficri

56 1337 152 1413 possit
175 1342 209 1395 ut
231 1353 267 1395 ex
290 1334 374 1394 libris
397 1337 468 1395 noni
490 1335 537 1396 vel
560 1336 668 1395 decimi
690 1354 717 1414 p.
737 1334 804 1396 Chr.
822 1353 851 1394 n.
871 1334 982 1395 saeculi
1000 1353 1065 1395 eam

57 1422 209 1484 scribendi
232 1423 484 1504 consuetudinem,
507 1441 582 1503 quae
606 1426 703 1502 quarti
723 1423 770 1482 vel
788 1426 883 1502 quinti
901 1424 966 1503 fuit,
989 1426 1064 1484 reci-

45 1514 183 1590 piamus
205 1529 309 1572 vereor
331 1519 365 1572 ut
386 1511 511 1572 multum
534 1511 609 1572 lucri
632 1512 701 1571 inde
724 1511 810 1571 nobis
831 1511 867 1572 ad
886 1514 1064 1590 optimorum

42 1599 211 1662 tlatinitatis
244 1599 520 1672 auctomm,libros
553 1598 761 1679 perpoliendos
789 1599 942 1661 redundet.
993 1600 1063 1679 quid

56 1683 159 1748 enim?
192 1690 218 1747 si
236 1688 352 1748 efficere
371 1706 526 1766 possemus
544 1695 577 1748 ut
591 1687 746 1748 Lucretius
765 1707 782 1748 a
799 1687 886 1748 nobis
905 1705 1064 1767 expressus

55 1778 96 1836 ita
120 1775 300 1856 loqueretur,
323 1783 356 1836 ut
377 1777 523 1836 Ammiani
540 1776 703 1837 Marcellini
725 1784 819 1836 aetate
842 1777 976 1836 homines
999 1775 1064 1837 Itali

55 1863 147 1925 locuti
175 1870 258 1945 sunt,
289 1882 387 1925 norme
414 1864 540 1945 plurima
567 1864 644 1945 apud
673 1882 741 1926 eum
767 1872 915 1946 extarent,
944 1882 1018 1943 quac
1047 1883 1064 1926 a

55 1952 209 2013 Ciceronis
239 1952 352 2031 aequali
380 1956 490 2033 scripta
517 1972 583 2014 esse
609 1953 691 2014 nullo
718 1952 805 2013 modo
832 1960 933 2032 posset
960 1950 1064 2014 credi?

54 2059 115 2101 uno
136 2040 270 2119 exemplo
294 2040 445 2119 defungar.
491 2044 523 2101 in
544 2041 563 2101 l.
585 2041 623 2102 IV
645 2062 670 2102 v.
691 2039 776 2103 1186
799 2040 1003 2102 Lachmannus
1027 2060 1063 2101 ex

55 2128 200 2189 librorum
210 2127 289 2189 leid.
305 2128 414 2189 liiteris
433 2147 506 2208 quae
527 2136 595 2190 sunt
606 2127 788 2208 postooem‘a
804 2132 879 2190 mira
894 2132 1063 2191 coniectura

54 2219 225 2295 perspicere
259 2216 316 2277 sibi
347 2219 428 2277 visus
455 2225 501 2278 est
527 2219 559 2277 in
586 2218 758 2298 archetypo,
787 2224 944 2295 antequam
971 2220 1062 2277 corri-

54 2311 185 2384 geretur,
203 2305 294 2365 tuisse
308 2303 483 2385 poscaenia.
525 2306 612 2386 quod,
631 2313 664 2366 ut
686 2305 728 2365 ibi
751 2305 848 2384 fucrit,
870 2304 951 2364 nullo
974 2305 1061 2364 modo

53 2411 70 2452 a
98 2392 219 2453 lucreti
245 2411 334 2453 manu
361 2396 493 2472 potuisse
518 2395 669 2473 proficisci
695 2399 820 2453 testatur
842 2391 1062 2474 Mommsenius,

54 2500 123 2540 curn
146 2483 178 2541 in
197 2480 343 2559 ephemer.
363 2484 455 2561 epigr.
473 2481 487 2540 I
509 2501 537 2561 p.
557 2480 599 2544 78
624 2482 727 2542 scribit
750 2477 820 2560 ‘pos
842 2480 920 2559 quod
943 2487 989 2541 est
1006 2499 1061 2559 pro

47 2571 123 2647 post
143 2577 285 2647 sequente
309 2570 405 2629 denuo
428 2570 526 2630 Ilttera
549 2572 563 2631 t
583 2570 741 2649 diplomata
764 2569 800 2629 ad
817 2568 949 2629 Marcum
966 2587 1061 2647 usque

51 2654 215 2735 ignorant'.
249 2659 308 2717 iam
325 2676 395 2717 vero
413 2657 468 2718 hac
487 2660 641 2718 occasione
660 2658 755 2718 oblata
773 2657 829 2717 hoc
848 2675 968 2718 monere
987 2658 1061 2738 volo,

52 2745 132 2823 quod
159 2753 258 2806 tamen
285 2748 400 2805 moneri
426 2748 475 2806 vix
503 2764 576 2825 opus
599 2747 702 2827 fuerit,
730 2748 897 2824 quicunque
920 2746 1062 2826 philologi

52 2851 135 2893 more
168 2832 204 2893 ad
233 2833 329 2894 studia
355 2833 529 2894 lucretiam
558 2853 590 2895 se
618 2835 688 2894 dare
716 2833 854 2914 voluerit,
880 2833 1061 2895 lachmanni

52 2924 278 3002 commentario,
302 2922 380 3001 quod
408 2940 481 3001 opus
507 2922 543 2982 ad
567 2940 653 2982 omne
675 2923 808 2982 futurum
834 2929 951 3001 tempus
978 2940 1060 2982 man-

53 3028 156 3069 surum
182 3028 355 3089 persuasum
383 3010 491 3090 habeo,
513 3009 593 3070 nullo
620 3008 707 3070 modo
735 3027 822 3090 posse
846 3028 955 3071 carere.
1001 3029 1059 3088 quo

52 3101 151 3158 minus
175 3104 237 3157 erat
260 3118 314 3159 cur
335 3097 381 3158 vel
404 3100 435 3158 in
458 3101 588 3159 minimis
612 3117 661 3159 eas
678 3098 836 3159 verborum
854 3098 964 3158 formas
985 3117 1060 3177 quae

51 3188 81 3246 in
104 3185 301 3247 leidensihns
324 3194 486 3248 cernuntur
508 3187 557 3247 hic
580 3204 736 3247 servarem.

140 3273 243 3334 Restat
273 3282 307 3335 ut
338 3278 369 3336 in
400 3293 539 3336 versuum
569 3275 820 3336 numerandorum
847 3277 960 3335 ratione
987 3274 1058 3353 quid

51 3369 171 3423 secutus
204 3365 260 3423 sim
292 3363 396 3424 dicam.
447 3366 478 3424 in
507 3382 563 3442 qua
589 3381 624 3423 re
650 3363 680 3423 id
707 3364 780 3423 mihi
808 3363 864 3423 fuit
890 3362 1058 3443 tenendum,

50 3458 82 3511 ut
111 3469 318 3530 quemcunque
346 3450 443 3511 locum
471 3453 537 3530 quis
566 3470 633 3511 curn
657 3454 791 3512 numeris
813 3450 1058 3511 Lachmannianis

102 3560 249 3601 numerius.
263 3560 297 3601 ed
311 3560 437 3610 Brieger.
829 3564 845 3603 0
