2484 3800
184 139 226 203 48
668 137 695 191 ῙῙ

184 294 234 343 sto
252 292 397 365 perpetuo
419 303 516 364 neque
539 286 570 345 in
593 290 746 345 aeternum
770 280 894 361 sepelire
919 277 1056 358 salutem,

253 391 308 433 nec
332 390 420 452 porro
443 391 543 434 rerum
567 372 710 452 genitales
734 370 918 448 auctificique

254 467 352 521 motus
374 467 517 540 perpetuo
539 467 666 539 possunt
688 477 806 520 servare
830 462 935 518 creata.

255 551 298 608 sic
321 566 414 627 aequo
437 551 550 628 geritur
573 550 734 609 certamine
758 546 972 627 principiorum

255 655 291 696 ex
314 637 429 697 intinitc
453 642 636 697 contractum
658 643 791 714 tempore
813 633 932 694 bellum.

186 732 237 781 cto
255 742 334 785 nunc
356 725 405 785 hic
428 743 507 785 nuuc
529 723 590 783 illic
613 729 756 802 superant
777 721 876 783 vitalia
897 736 1013 798 rerum,

256 819 285 872 et
308 819 485 891 superantur
507 814 586 872 item
623 814 766 873 miscetur
788 811 892 871 lunere
914 824 1019 886 vagor,

256 919 344 979 quem
366 902 453 979 pueri
473 899 581 960 tollunt
602 901 726 960 visentis
748 898 869 959 luminis
893 914 974 976 oras;

255 1006 311 1048 nec
332 1006 390 1048 nox
414 987 473 1049 ulla
496 988 574 1047 diem
596 1005 693 1066 neque
716 994 833 1048 noctem
857 1002 963 1046 aurora
986 984 1129 1058 secutast,

257 1094 331 1154 quae
353 1093 413 1136 non
436 1075 563 1136 audierit
583 1078 692 1135 mixtos
714 1074 860 1154 vagitibus
883 1073 981 1151 aegris

188 1170 238 1219 cto
257 1162 388 1242 ploratus
410 1166 515 1223 mortis
538 1165 661 1223 comites
684 1169 715 1223 et
736 1163 850 1223 funeris
873 1162 938 1221 atri.

300 1250 373 1311 lllud
397 1253 428 1311 in
451 1251 498 1311 his
520 1250 706 1329 obsignatum
731 1268 847 1329 quoque
870 1248 960 1309 rebus
984 1245 1094 1306 habere

258 1341 393 1399 convenit
416 1346 447 1399 et
468 1341 593 1399 memori
615 1338 785 1399 mandatum
807 1343 906 1397 mente
929 1343 1048 1415 tenere,

257 1425 300 1485 nil
322 1444 401 1506 esse,
424 1428 455 1485 in
478 1433 617 1505 promptu
640 1444 765 1505 quorum
788 1432 893 1486 natura
914 1422 1047 1503 videtur,

258 1513 336 1591 quod
359 1531 467 1591 genere
491 1533 526 1574 ex
549 1532 609 1575 uuo
632 1515 774 1574 consistat
795 1514 1026 1592 principiorum,

189 1606 314 1660 estnec
336 1603 493 1678 quicquam
516 1602 594 1681 quod
617 1620 677 1661 non
699 1604 845 1680 permixto
869 1602 983 1661 semine
1006 1602 1128 1658 constet

258 1695 288 1747 et
311 1687 514 1766 quodcumque
537 1692 631 1767 magis
654 1691 698 1749 vis
720 1688 828 1749 multas
851 1686 985 1767 possidet
1007 1688 1041 1746 in
1064 1703 1095 1746 se

258 1782 345 1852 atque
367 1781 541 1856 potestates,
563 1780 604 1837 ita
626 1776 753 1855 plurima
776 1777 992 1855 principiorum

258 1865 289 1922 in
313 1879 378 1922 sese
401 1880 508 1940 genera
531 1867 682 1926 aerarias
705 1864 791 1925 docet
814 1882 880 1925 esse
903 1864 1023 1942 figuras.

258 1951 404 2028 principio
427 1950 514 2011 tellus
537 1952 626 2012 habet
648 1955 679 2013 in
702 1971 734 2013 se
758 1970 882 2031 corpora
903 1954 1014 2032 prima,
1229 2021 1230 2026 η

190 2042 241 2092 690
259 2037 337 2097 unde
360 2055 439 2098 mare
462 2041 630 2100 inmensum
653 2040 803 2101 volventes
826 2040 936 2119 frigora
960 2039 1058 2099 sontes
1229 2027 1230 2048 ¹

259 2125 380 2185 adsidue
403 2132 556 2207 renovent,
579 2126 667 2187 habet
689 2130 773 2206 ignes
796 2128 875 2188 unde
900 2129 1048 2186 oriantur:

258 2231 326 2272 nam
348 2212 448 2273 multis
471 2232 612 2274 succensa
635 2213 708 2275 loeis
731 2215 836 2276 ardent
859 2214 921 2275 sola
944 2221 1059 2295 terrae,

259 2302 375 2360 eximiis
398 2319 466 2360 vero
491 2301 562 2361 lurit
583 2301 701 2378 ignibus
724 2304 852 2381 impetus
875 2303 1002 2382 Aetnae3

257 2394 321 2447 tum
344 2405 433 2465 porro
455 2388 687 2467 nitidas-fruges
710 2389 887 2469 arbustaque
911 2389 989 2450 laeta

190 2479 240 2528 otc
260 2474 395 2552 gentibus
418 2475 553 2535 humanis
576 2475 664 2535 habet
687 2477 765 2538 unde
789 2477 930 2538 extollere
953 2479 1063 2559 possit,

258 2562 336 2621 unde
359 2563 448 2621 etiam
470 2562 574 2622 lluvios
597 2563 716 2624 lrondes
740 2571 769 2624 et
791 2564 898 2643 pabula
921 2565 998 2625 laeta

259 2650 423 2726 montivago
448 2651 550 2726 generi
572 2652 667 2728 possit
688 2651 831 2730 praebere
855 2652 995 2713 ferarum.

260 2752 349 2812 quare
372 2753 476 2814 magna
498 2736 585 2797 deum
607 2744 702 2798 mater
724 2745 876 2818 materque
900 2741 1033 2800 ferarum
1227 2721 1228 2800 l

260 2828 289 2880 et
311 2824 405 2882 nostri
427 2826 561 2901 genetrix
584 2824 657 2884 haec
680 2825 786 2886 dictast
809 2830 943 2906 corporis
967 2845 1037 2888 una.
1227 2857 1228 2917 p

191 2913 241 2962 600
302 2907 384 2968 lianc
406 2918 521 2970 veteres
544 2910 664 2972 Graium
687 2912 767 2974 docti
789 2917 926 2975 cecinere
950 2921 1058 2994 poetae

260 3079 380 3140 sedibus
403 3084 434 3140 in
457 3102 546 3146 curru
568 3084 685 3165 biiugos
708 3089 818 3166 agitare
842 3088 958 3170 leones,

256 3164 336 3227 aeris
359 3169 391 3226 in
413 3173 506 3247 spatio
529 3191 664 3251 magnam
686 3175 817 3253 pendere
841 3176 983 3239 docentes

260 3254 409 3334 tellurem,
431 3275 527 3336 neque
549 3279 637 3339 posse
660 3265 691 3323 in
714 3270 793 3326 terra
815 3266 923 3326 sistere
946 3273 1069 3329 terram.

259 3342 419 3402 adiunxere
442 3344 533 3425 ieras,
556 3350 625 3425 quia
648 3353 780 3429 quamvis
804 3353 893 3413 ellera
916 3353 1018 3432 proles

190 3434 241 3484 sot
260 3430 366 3490 officiis
389 3428 477 3490 debet
498 3433 607 3494 molliri
629 3440 704 3498 victa
726 3447 890 3518 parentum.
