2484 3800
180 146 245 211 184
660 143 699 198 VI

250 280 280 354 c't
302 293 449 353 condensa
472 299 580 370 queant
602 309 743 370 apparere
767 298 796 351 et
818 290 907 351 simul
929 292 993 369 ipso

179 398 232 449 460
250 384 361 442 vertice
385 381 420 441 de
443 382 551 440 montis
574 380 728 440 videantur
751 398 873 457 surgere
896 381 927 439 in
950 378 1091 439 aethram.
1183 408 1186 411 ⁴

251 488 318 530 nam
340 468 404 529 loca
427 467 555 529 declarat
578 485 697 528 sursum
718 474 839 527 ventosa
860 474 961 546 patere

251 575 299 618 res
322 559 386 637 ipsa
408 564 439 617 et
461 574 579 636 sensus,
602 558 710 617 montis
734 574 802 616 cum
823 555 1009 616 ascendimus
1032 554 1118 615 altos.

180 652 236 703 470
250 653 404 725 praeterea
425 643 570 724 permulta
593 646 668 704 mari
690 662 807 723 qnoque
830 643 933 705 tollere
956 650 1018 703 toto
1146 665 1185 704 cro

252 751 374 813 corpora
396 740 530 793 naturam
553 731 702 793 declarant
722 731 809 793 litore
831 740 928 792 vestes

180 838 232 889 aas
252 840 424 901 suspensae,
448 839 515 881 cum
538 822 708 899 concipiunt
729 822 842 881 umoris
865 819 1031 882 adhaesum.

252 928 310 989 quo
332 912 426 988 magis
448 909 484 969 ad
507 908 594 969 nubis
618 908 765 987 augendas
787 907 879 969 multa
900 909 1038 970 ridentur

250 1016 338 1078 posse
361 1015 477 1077 quoque
500 1015 517 1057 e
540 995 617 1057 salso
640 1015 818 1075 consurgere
840 1000 968 1057 momine
990 1000 1090 1076 ponti:

180 1093 235 1146 475
250 1104 318 1147 nam
340 1088 414 1146 ratio
439 1087 683 1163 consanguineast
704 1084 857 1145 umoribus
880 1084 954 1146 ollis.
1100 1112 1105 1121 ·
1147 1108 1186 1150 cu

251 1181 403 1254 praeterea
425 1173 522 1233 fluviis
545 1192 582 1234 ex
605 1172 741 1234 omnibus
765 1180 795 1233 et
818 1173 906 1233 simul
928 1176 993 1252 ipsa

181 1280 233 1328 470
253 1280 373 1341 surgere
397 1261 433 1321 de
455 1268 535 1321 terra
558 1260 680 1322 nebulas
703 1269 876 1340 aestumque
898 1262 1045 1344 ridemus,

252 1370 326 1430 quae
353 1349 433 1410 velut
456 1348 564 1410 halitus
587 1350 657 1410 binc
680 1352 720 1410 ita
742 1368 860 1410 sursum
884 1368 1024 1429 expressa
1047 1351 1186 1413 feruntur

253 1438 482 1516 suffunduntque
505 1456 559 1498 sua
581 1437 694 1498 caelum
718 1436 841 1517 caligine
864 1445 895 1498 et
917 1437 989 1499 altas

181 1536 238 1586 480
252 1528 402 1588 sufficiunt
423 1525 511 1586 nubis
533 1525 673 1604 paulatim
696 1526 913 1586 conveniundo:
1148 1552 1187 1591 ceo

140 1678 144 1685 ,
251 1621 338 1693 urget
360 1616 439 1674 enim
462 1632 579 1692 quoque
602 1614 737 1692 signiferi
760 1632 849 1693 super
871 1615 999 1675 aetheris
1022 1624 1124 1677 aestus

181 1720 234 1769 4⁷5
253 1710 283 1762 ct
305 1704 389 1780 quasi
412 1701 561 1761 densendo
585 1701 715 1763 subtexit
737 1701 853 1762 caerula
875 1703 993 1763 nimbis.
1223 1699 1224 1708 ’

252 1791 286 1849 lit
313 1807 429 1867 quoque
455 1796 489 1849 ut
514 1789 572 1850 buc
594 1792 714 1850 veniant
735 1793 767 1851 in
789 1789 903 1851 caelum
925 1793 1112 1853 extrinsecus
1137 1792 1185 1853 illa

254 1895 377 1957 corpora
399 1895 473 1956 quae
496 1878 608 1939 faciunt
630 1877 717 1939 nubis
740 1878 914 1959 nimbosque
936 1878 1074 1942 volantis:

182 1973 237 2025 485
255 1964 500 2027 innumerabilem
514 1968 593 2026 enim
607 1984 763 2028 numerum
777 1986 979 2047 summamque
992 1969 1135 2047 profundi
1147 1993 1187 2033 ass

254 2073 319 2115 esse
343 2055 487 2114 infinitam
509 2054 608 2135 docui,
632 2062 797 2134 quantaque
820 2056 952 2117 volarent

182 2160 235 2210 480
254 2161 377 2221 corpora
399 2142 561 2203 mobilitate
583 2143 701 2203 ostendi
724 2162 869 2222 quamque
892 2152 1014 2223 repente

253 2230 484 2291 immemorabile
501 2247 561 2308 per
583 2233 711 2309 spatium
732 2234 860 2292 transire
883 2232 1019 2293 solerent.

252 2319 324 2380 baut
346 2321 436 2396 igitur
458 2320 608 2399 mirumst,
633 2321 659 2379 si
680 2337 769 2398 parvo
791 2326 924 2399 tempore
947 2339 1034 2400 saepe

181 2415 237 2468 490
253 2414 312 2467 tam
335 2408 448 2486 magnis
472 2405 580 2466 nimbis
603 2414 762 2486 tempestas
785 2416 872 2486 atque
894 2408 1033 2469 tenebrae
1148 2433 1189 2473 coo

254 2497 409 2574 coperiunt
430 2496 522 2554 maria
545 2512 578 2554 ac
600 2502 696 2555 terras
719 2497 842 2575 inpensa
865 2514 1006 2577 superne,

182 2599 235 2648 485
253 2582 384 2661 undique
408 2582 645 2661 quandoquidem
667 2600 722 2661 per
744 2584 841 2644 caulas
864 2585 993 2645 aetheris
1015 2587 1114 2646 omnis

254 2677 284 2730 et
306 2673 390 2748 quasi
411 2689 466 2749 per
487 2673 586 2747 magni
609 2673 722 2731 circum
745 2670 891 2750 spiracula
912 2673 1017 2733 mundi

254 2759 349 2818 exitus
372 2759 569 2836 introitusque
592 2757 746 2819 elementis
769 2760 902 2821 redditus
925 2768 1011 2822 extat.

182 2853 236 2906 495
297 2845 381 2906 Nunc
404 2864 470 2925 age,
493 2864 551 2924 quo
573 2854 659 2925 pacto
681 2847 799 2926 pluvius
822 2857 993 2910 concrescat
1014 2851 1045 2909 in
1064 2848 1134 2911 altis
1148 2874 1189 2915 css

253 2933 381 2994 nubibus
404 2951 502 3013 umor,
525 2937 608 2994 etin
631 2942 726 2995 terras
749 2935 896 2997 demissus
918 2944 953 2997 ut
974 2937 1070 2997 imber

182 3037 235 3088 490
255 3021 383 3101 decidat,
407 3021 568 3100 expediam.
604 3024 733 3100 primum
756 3024 814 3083 iam
837 3026 950 3085 semina
972 3027 1057 3104 aquai

253 3107 344 3167 multa
368 3108 455 3168 simul
477 3111 592 3170 vincam
615 3128 793 3188 consurgere
816 3111 944 3173 nubibus
966 3115 1040 3192 ipsis

254 3193 391 3254 omnibus
415 3214 451 3255 ex
473 3195 574 3277 rebus,
600 3200 769 3277 pariterque
792 3200 833 3260 ita
856 3219 989 3261 crescere
1011 3208 1190 3284 utrumque,

184 3289 240 3340 500
256 3288 286 3340 et
308 3279 405 3360 nubis,
428 3289 458 3341 et
480 3302 594 3364 aquam,
617 3304 819 3365 quaecumque
842 3290 873 3348 in
896 3287 1024 3349 nubibus
1046 3298 1136 3372 extat,
1150 3314 1192 3355 ooo

254 3374 288 3426 ut
309 3369 420 3445 pariter
442 3368 527 3429 nobis
550 3389 659 3450 corpus
681 3392 748 3434 cum
771 3377 913 3453 sanguine
937 3379 1056 3457 crescit,

183 3470 235 3520 495
256 3452 345 3513 sudor
363 3455 443 3534 item,
462 3462 548 3534 atque
566 3477 653 3519 umor
671 3464 878 3541 quicumquest
894 3463 1021 3543 denique
1035 3466 1191 3530 membris.
