<?xml version="1.0" encoding="UTF-8"?>
<!DOCTYPE html PUBLIC "-//W3C//DTD XHTML 1.0 Transitional//EN"
    "http://www.w3.org/TR/xhtml1/DTD/xhtml1-transitional.dtd">
<html xmlns="http://www.w3.org/1999/xhtml" xml:lang="en" lang="en">
 <head>
  <title>
</title>
<meta http-equiv="Content-Type" content="text/html;charset=utf-8" />
  <meta name='ocr-system' content='tesseract 3.04.00' />
  <meta name='ocr-capabilities' content='ocr_page ocr_carea ocr_par ocr_line ocrx_word'/>
</head>
<body>
  <div class='ocr_page' id='page_1' title='image "./dererumnaturali00briegoog_0278.png"; bbox 0 0 2484 3800; ppageno 0'>
   <div class='ocr_carea' id='block_1_1' title="bbox 172 136 691 205">
    <p class='ocr_par' dir='ltr' id='par_1_1' title="bbox 172 136 691 205">
     <span class='ocr_line' id='line_1_1' title="bbox 172 136 691 205; baseline 0.002 -2"><span class='ocrx_word' id='word_1_1' title='bbox 172 141 236 205; x_wconf 90' lang='grc'>190</span> <span class='ocrx_word' id='word_1_2' title='bbox 652 136 691 191; x_wconf 84' lang='lat' dir='ltr'>Vl</span> 
     </span>
    </p>
   </div>
   <div class='ocr_carea' id='block_1_2' title="bbox 129 283 1232 3531">
    <p class='ocr_par' dir='ltr' id='par_1_2' title="bbox 129 283 1232 3531">
     <span class='ocr_line' id='line_1_2' title="bbox 239 283 997 364; baseline -0.008 -17"><span class='ocrx_word' id='word_1_3' title='bbox 239 286 288 347; x_wconf 90' lang='lat' dir='ltr'>hic</span> <span class='ocrx_word' id='word_1_4' title='bbox 311 286 362 347; x_wconf 95' lang='lat' dir='ltr'>ubi</span> <span class='ocrx_word' id='word_1_5' title='bbox 383 284 527 364; x_wconf 86' lang='lat' dir='ltr'>percaluit</span> <span class='ocrx_word' id='word_1_6' title='bbox 549 283 739 362; x_wconf 87' lang='lat' dir='ltr'>calefecitque</span> <span class='ocrx_word' id='word_1_7' title='bbox 763 284 861 343; x_wconf 89' lang='lat' dir='ltr'>omnia</span> <span class='ocrx_word' id='word_1_8' title='bbox 883 284 997 342; x_wconf 92' lang='lat' dir='ltr'>circum</span> 
     </span>
     <span class='ocr_line' id='line_1_3' title="bbox 171 369 1114 453; baseline -0.006 -18"><span class='ocrx_word' id='word_1_9' title='bbox 171 374 447 453; x_wconf 75' lang='grc'><strong><em>6666666166666,</em></strong></span> <span class='ocrx_word' id='word_1_10' title='bbox 470 391 527 451; x_wconf 90' lang='lat' dir='ltr'>qua</span> <span class='ocrx_word' id='word_1_11' title='bbox 549 374 705 452; x_wconf 86' lang='lat' dir='ltr'>contingit,</span> <span class='ocrx_word' id='word_1_12' title='bbox 726 378 907 451; x_wconf 85' lang='lat' dir='ltr'>terramque,</span> <span class='ocrx_word' id='word_1_13' title='bbox 929 378 960 430; x_wconf 90' lang='lat' dir='ltr'>et</span> <span class='ocrx_word' id='word_1_14' title='bbox 981 370 1019 430; x_wconf 92' lang='lat' dir='ltr'>ab</span> <span class='ocrx_word' id='word_1_15' title='bbox 1044 369 1114 430; x_wconf 88' lang='lat' dir='ltr'>ollis</span> 
     </span>
     <span class='ocr_line' id='line_1_4' title="bbox 241 457 970 538; baseline -0.005 -16"><span class='ocrx_word' id='word_1_16' title='bbox 241 463 370 523; x_wconf 80' lang='lat' dir='ltr'><strong>excussit</strong></span> <span class='ocrx_word' id='word_1_17' title='bbox 392 460 518 521; x_wconf 91' lang='lat' dir='ltr'>calidum</span> <span class='ocrx_word' id='word_1_18' title='bbox 540 460 666 520; x_wconf 87' lang='lat' dir='ltr'>llammis</span> <span class='ocrx_word' id='word_1_19' title='bbox 687 457 837 519; x_wconf 89' lang='lat' dir='ltr'>velocibus</span> <span class='ocrx_word' id='word_1_20' title='bbox 858 461 970 538; x_wconf 87' lang='lat' dir='ltr'>ignem,</span> 
     </span>
     <span class='ocr_line' id='line_1_5' title="bbox 240 546 940 611; baseline -0.007 0"><span class='ocrx_word' id='word_1_21' title='bbox 240 549 318 611; x_wconf 89' lang='lat' dir='ltr'>tollit</span> <span class='ocrx_word' id='word_1_22' title='bbox 339 568 371 610; x_wconf 90' lang='lat' dir='ltr'>se</span> <span class='ocrx_word' id='word_1_23' title='bbox 394 567 428 609; x_wconf 92' lang='lat' dir='ltr'>ac</span> <span class='ocrx_word' id='word_1_24' title='bbox 449 550 539 609; x_wconf 89' lang='lat' dir='ltr'>rectis</span> <span class='ocrx_word' id='word_1_25' title='bbox 562 551 602 609; x_wconf 86' lang='lat' dir='ltr'>ita</span> <span class='ocrx_word' id='word_1_26' title='bbox 625 546 759 608; x_wconf 81' lang='lat' dir='ltr'>faucibus</span> <span class='ocrx_word' id='word_1_27' title='bbox 781 549 852 606; x_wconf 90' lang='lat' dir='ltr'>eicit</span> <span class='ocrx_word' id='word_1_28' title='bbox 873 546 940 607; x_wconf 92' lang='grc'><strong><em>6166.</em></strong></span> 
     </span>
     <span class='ocr_line' id='line_1_6' title="bbox 171 634 1180 716; baseline 0.003 -20"><span class='ocrx_word' id='word_1_29' title='bbox 171 644 226 697; x_wconf 90' lang='grc'>690</span> <span class='ocrx_word' id='word_1_30' title='bbox 241 639 299 699; x_wconf 87' lang='lat' dir='ltr'>lert</span> <span class='ocrx_word' id='word_1_31' title='bbox 321 638 419 716; x_wconf 86' lang='lat' dir='ltr'>itaque</span> <span class='ocrx_word' id='word_1_32' title='bbox 442 636 577 697; x_wconf 86' lang='lat' dir='ltr'>ardorem</span> <span class='ocrx_word' id='word_1_33' title='bbox 600 635 700 716; x_wconf 88' lang='lat' dir='ltr'>longe,</span> <span class='ocrx_word' id='word_1_34' title='bbox 722 635 867 713; x_wconf 79' lang='lat' dir='ltr'>longeque</span> <span class='ocrx_word' id='word_1_35' title='bbox 889 634 1017 695; x_wconf 86' lang='lat' dir='ltr'>favillam</span> <span class='ocrx_word' id='word_1_36' title='bbox 1139 660 1180 699; x_wconf 83' lang='lat' dir='ltr'>eoo</span> 
     </span>
     <span class='ocr_line' id='line_1_7' title="bbox 240 722 948 806; baseline -0.007 -19"><span class='ocrx_word' id='word_1_37' title='bbox 240 726 355 806; x_wconf 80' lang='lat' dir='ltr'>differt,</span> <span class='ocrx_word' id='word_1_38' title='bbox 378 732 408 786; x_wconf 92' lang='lat' dir='ltr'>et</span> <span class='ocrx_word' id='word_1_39' title='bbox 430 742 529 785; x_wconf 87' lang='lat' dir='ltr'>crassa</span> <span class='ocrx_word' id='word_1_40' title='bbox 551 722 640 784; x_wconf 86' lang='lat' dir='ltr'>volvit</span> <span class='ocrx_word' id='word_1_41' title='bbox 662 723 786 802; x_wconf 85' lang='lat' dir='ltr'>caligine</span> <span class='ocrx_word' id='word_1_42' title='bbox 808 723 948 803; x_wconf 46' lang='lat' dir='ltr'>fumums</span> 
     </span>
     <span class='ocr_line' id='line_1_8' title="bbox 171 811 953 893; baseline -0.013 -13"><span class='ocrx_word' id='word_1_43' title='bbox 171 831 222 881; x_wconf 82' lang='grc'>686</span> <span class='ocrx_word' id='word_1_44' title='bbox 242 814 428 891; x_wconf 79' lang='lat' dir='ltr'>extruditque</span> <span class='ocrx_word' id='word_1_45' title='bbox 452 812 539 873; x_wconf 92' lang='lat' dir='ltr'>simul</span> <span class='ocrx_word' id='word_1_46' title='bbox 561 811 696 872; x_wconf 89' lang='lat' dir='ltr'>mirando</span> <span class='ocrx_word' id='word_1_47' title='bbox 718 811 850 891; x_wconf 89' lang='lat' dir='ltr'>pondere</span> <span class='ocrx_word' id='word_1_48' title='bbox 872 830 953 893; x_wconf 82' lang='lat' dir='ltr'>saxa3</span> 
     </span>
     <span class='ocr_line' id='line_1_9' title="bbox 241 887 1222 978; baseline -0.006 -15"><span class='ocrx_word' id='word_1_49' title='bbox 241 920 279 963; x_wconf 93' lang='lat' dir='ltr'>ne</span> <span class='ocrx_word' id='word_1_50' title='bbox 302 901 419 963; x_wconf 80' lang='lat' dir='ltr'>dubites</span> <span class='ocrx_word' id='word_1_51' title='bbox 442 903 514 978; x_wconf 93' lang='lat' dir='ltr'>quin</span> <span class='ocrx_word' id='word_1_52' title='bbox 535 899 608 961; x_wconf 91' lang='lat' dir='ltr'>haec</span> <span class='ocrx_word' id='word_1_53' title='bbox 631 901 739 960; x_wconf 87' lang='lat' dir='ltr'>animai</span> <span class='ocrx_word' id='word_1_54' title='bbox 760 898 877 959; x_wconf 87' lang='lat' dir='ltr'>turbida</span> <span class='ocrx_word' id='word_1_55' title='bbox 900 902 940 959; x_wconf 88' lang='lat' dir='ltr'>sit</span> <span class='ocrx_word' id='word_1_56' title='bbox 959 900 1015 959; x_wconf 83' lang='lat' dir='ltr'>vis.</span> <span class='ocrx_word' id='word_1_57' title='bbox 1220 887 1222 956; x_wconf 84' lang='lat' dir='ltr'>l</span> 
     </span>
     <span class='ocr_line' id='line_1_10' title="bbox 129 977 1223 1070; baseline -0.005 -19"><span class='ocrx_word' id='word_1_58' title='bbox 129 988 138 1006; x_wconf 81' lang='lat'><em>⁶</em></span> <span class='ocrx_word' id='word_1_59' title='bbox 240 997 393 1070; x_wconf 90' lang='lat' dir='ltr'>praeterea</span> <span class='ocrx_word' id='word_1_60' title='bbox 417 1006 519 1067; x_wconf 91' lang='lat' dir='ltr'>magna</span> <span class='ocrx_word' id='word_1_61' title='bbox 542 1006 578 1049; x_wconf 85' lang='lat' dir='ltr'>ex</span> <span class='ocrx_word' id='word_1_62' title='bbox 599 990 678 1067; x_wconf 90' lang='lat' dir='ltr'>parti</span> <span class='ocrx_word' id='word_1_63' title='bbox 699 1005 780 1047; x_wconf 90' lang='lat' dir='ltr'>mare</span> <span class='ocrx_word' id='word_1_64' title='bbox 802 989 911 1047; x_wconf 91' lang='lat' dir='ltr'>montis</span> <span class='ocrx_word' id='word_1_65' title='bbox 933 986 969 1047; x_wconf 92' lang='lat' dir='ltr'>ad</span> <span class='ocrx_word' id='word_1_66' title='bbox 993 989 1062 1047; x_wconf 89' lang='lat' dir='ltr'>eius</span> <span class='ocrx_word' id='word_1_67' title='bbox 1221 977 1223 1044; x_wconf 83' lang='lat' dir='ltr'>l</span> 
     </span>
     <span class='ocr_line' id='line_1_11' title="bbox 172 1067 1224 1155; baseline 0.001 -18"><span class='ocrx_word' id='word_1_68' title='bbox 172 1085 227 1137; x_wconf 87' lang='grc'>695</span> <span class='ocrx_word' id='word_1_69' title='bbox 242 1078 358 1139; x_wconf 80' lang='lat' dir='ltr'>radices</span> <span class='ocrx_word' id='word_1_70' title='bbox 380 1078 489 1155; x_wconf 83' lang='lat' dir='ltr'>trangit</span> <span class='ocrx_word' id='word_1_71' title='bbox 510 1076 618 1137; x_wconf 88' lang='lat' dir='ltr'>lluctus</span> <span class='ocrx_word' id='word_1_72' title='bbox 641 1082 813 1154; x_wconf 83' lang='lat' dir='ltr'>aestumque</span> <span class='ocrx_word' id='word_1_73' title='bbox 835 1074 978 1135; x_wconf 89' lang='lat' dir='ltr'>resorbet.</span> <span class='ocrx_word' id='word_1_74' title='bbox 1140 1098 1182 1138; x_wconf 83' lang='grc'>666</span> <span class='ocrx_word' id='word_1_75' title='bbox 1222 1067 1224 1116; x_wconf 66' lang='lat' dir='ltr'>l</span> 
     </span>
     <span class='ocr_line' id='line_1_12' title="bbox 242 1155 1225 1243; baseline -0.004 -17"><span class='ocrx_word' id='word_1_76' title='bbox 242 1185 278 1227; x_wconf 86' lang='lat' dir='ltr'>ex</span> <span class='ocrx_word' id='word_1_77' title='bbox 300 1165 357 1226; x_wconf 92' lang='lat' dir='ltr'>hoc</span> <span class='ocrx_word' id='word_1_78' title='bbox 379 1182 473 1243; x_wconf 91' lang='lat' dir='ltr'>usque</span> <span class='ocrx_word' id='word_1_79' title='bbox 496 1166 571 1225; x_wconf 87' lang='lat' dir='ltr'>mari</span> <span class='ocrx_word' id='word_1_80' title='bbox 594 1163 751 1243; x_wconf 83' lang='lat' dir='ltr'>speluncae</span> <span class='ocrx_word' id='word_1_81' title='bbox 773 1165 883 1223; x_wconf 91' lang='lat' dir='ltr'>montis</span> <span class='ocrx_word' id='word_1_82' title='bbox 905 1163 941 1223; x_wconf 91' lang='lat' dir='ltr'>ad</span> <span class='ocrx_word' id='word_1_83' title='bbox 965 1162 1038 1224; x_wconf 88' lang='lat' dir='ltr'>altas</span> <span class='ocrx_word' id='word_1_84' title='bbox 1223 1155 1225 1216; x_wconf 84' lang='lat' dir='ltr'>l</span> 
     </span>
     <span class='ocr_line' id='line_1_13' title="bbox 172 1245 1226 1334; baseline -0.011 -12"><span class='ocrx_word' id='word_1_85' title='bbox 172 1271 224 1321; x_wconf 85' lang='grc'>660</span> <span class='ocrx_word' id='word_1_86' title='bbox 241 1256 417 1334; x_wconf 87' lang='lat' dir='ltr'>perveniunt</span> <span class='ocrx_word' id='word_1_87' title='bbox 439 1252 541 1314; x_wconf 87' lang='lat' dir='ltr'>subter</span> <span class='ocrx_word' id='word_1_88' title='bbox 563 1253 671 1312; x_wconf 88' lang='grc'><strong><em>166666.</em></strong></span> <span class='ocrx_word' id='word_1_89' title='bbox 707 1252 762 1312; x_wconf 91' lang='lat' dir='ltr'>hac</span> <span class='ocrx_word' id='word_1_90' title='bbox 784 1253 829 1311; x_wconf 90' lang='lat' dir='ltr'>ire</span> <span class='ocrx_word' id='word_1_91' title='bbox 852 1251 1033 1311; x_wconf 87' lang='lat' dir='ltr'>fatendumst</span> <span class='ocrx_word' id='word_1_92' title='bbox 1224 1245 1226 1300; x_wconf 82' lang='grc'><strong><em>1</em></strong></span> 
     </span>
     <span class='ocr_line' id='line_1_14' title="bbox 665 1335 1227 1397; baseline -0.016 -8"><span class='ocrx_word' id='word_1_93' title='bbox 665 1358 683 1397; x_wconf 57' lang='lat' dir='ltr'>a</span> <span class='ocrx_word' id='word_1_94' title='bbox 1225 1335 1227 1380; x_wconf 89' lang='lat' dir='ltr'>l</span> 
     </span>
     <span class='ocr_line' id='line_1_15' title="bbox 243 1424 1228 1508; baseline 0 -17"><span class='ocrx_word' id='word_1_95' title='bbox 243 1437 274 1491; x_wconf 89' lang='lat' dir='ltr'>et</span> <span class='ocrx_word' id='word_1_96' title='bbox 294 1436 451 1508; x_wconf 88' lang='lat' dir='ltr'>penetrare</span> <span class='ocrx_word' id='word_1_97' title='bbox 473 1430 564 1488; x_wconf 89' lang='lat' dir='ltr'>maris</span> <span class='ocrx_word' id='word_1_98' title='bbox 586 1430 705 1507; x_wconf 90' lang='lat' dir='ltr'>penitus</span> <span class='ocrx_word' id='word_1_99' title='bbox 727 1445 776 1488; x_wconf 86' lang='lat' dir='ltr'>res</span> <span class='ocrx_word' id='word_1_100' title='bbox 799 1430 877 1506; x_wconf 88' lang='lat' dir='ltr'>cogit</span> <span class='ocrx_word' id='word_1_101' title='bbox 898 1435 999 1506; x_wconf 85' lang='lat' dir='ltr'>aperta</span> <span class='ocrx_word' id='word_1_102' title='bbox 1226 1424 1228 1491; x_wconf 85' lang='lat' dir='ltr'>l</span> 
     </span>
     <span class='ocr_line' id='line_1_16' title="bbox 245 1513 1229 1598; baseline -0.004 -20"><span class='ocrx_word' id='word_1_103' title='bbox 245 1524 332 1596; x_wconf 91' lang='lat' dir='ltr'>atque</span> <span class='ocrx_word' id='word_1_104' title='bbox 355 1517 455 1578; x_wconf 86' lang='lat' dir='ltr'>eltlare</span> <span class='ocrx_word' id='word_1_105' title='bbox 478 1518 570 1598; x_wconf 86' lang='lat' dir='ltr'>foras,</span> <span class='ocrx_word' id='word_1_106' title='bbox 593 1516 719 1594; x_wconf 90' lang='lat' dir='ltr'>ideoque</span> <span class='ocrx_word' id='word_1_107' title='bbox 742 1515 882 1576; x_wconf 87' lang='lat' dir='ltr'>extollere</span> <span class='ocrx_word' id='word_1_108' title='bbox 905 1516 1053 1575; x_wconf 86' lang='lat' dir='ltr'>flammam</span> <span class='ocrx_word' id='word_1_109' title='bbox 1227 1513 1229 1552; x_wconf 71' lang='lat' dir='ltr'>l</span> 
     </span>
     <span class='ocr_line' id='line_1_17' title="bbox 174 1602 1230 1683; baseline 0.002 -18"><span class='ocrx_word' id='word_1_110' title='bbox 174 1612 229 1664; x_wconf 94' lang='grc'>700</span> <span class='ocrx_word' id='word_1_111' title='bbox 244 1619 370 1683; x_wconf 83' lang='lat' dir='ltr'>saxaque</span> <span class='ocrx_word' id='word_1_112' title='bbox 394 1604 559 1665; x_wconf 88' lang='lat' dir='ltr'>subiectare</span> <span class='ocrx_word' id='word_1_113' title='bbox 581 1611 612 1664; x_wconf 89' lang='lat' dir='ltr'>et</span> <span class='ocrx_word' id='word_1_114' title='bbox 633 1621 740 1665; x_wconf 89' lang='lat' dir='ltr'>arenae</span> <span class='ocrx_word' id='word_1_115' title='bbox 762 1602 865 1665; x_wconf 89' lang='lat' dir='ltr'>tollere</span> <span class='ocrx_word' id='word_1_116' title='bbox 888 1602 1013 1664; x_wconf 86' lang='lat' dir='ltr'>nimbos.</span> <span class='ocrx_word' id='word_1_117' title='bbox 1141 1628 1185 1667; x_wconf 79' lang='lat' dir='ltr'>roo</span> <span class='ocrx_word' id='word_1_118' title='bbox 1228 1604 1230 1643; x_wconf 65' lang='lat' dir='ltr'>l</span> 
     </span>
     <span class='ocr_line' id='line_1_18' title="bbox 244 1693 1230 1772; baseline -0.001 -19"><span class='ocrx_word' id='word_1_119' title='bbox 244 1694 276 1753; x_wconf 91' lang='lat' dir='ltr'>in</span> <span class='ocrx_word' id='word_1_120' title='bbox 299 1710 414 1753; x_wconf 92' lang='lat' dir='ltr'>summo</span> <span class='ocrx_word' id='word_1_121' title='bbox 438 1699 507 1752; x_wconf 91' lang='lat' dir='ltr'>sunt</span> <span class='ocrx_word' id='word_1_122' title='bbox 528 1694 639 1752; x_wconf 89' lang='lat' dir='ltr'>vertice</span> <span class='ocrx_word' id='word_1_123' title='bbox 662 1694 741 1753; x_wconf 90' lang='lat' dir='ltr'>enim</span> <span class='ocrx_word' id='word_1_124' title='bbox 763 1699 905 1772; x_wconf 86' lang='lat' dir='ltr'>crateres,</span> <span class='ocrx_word' id='word_1_125' title='bbox 927 1698 961 1752; x_wconf 90' lang='lat' dir='ltr'>ut</span> <span class='ocrx_word' id='word_1_126' title='bbox 983 1694 1041 1770; x_wconf 89' lang='lat' dir='ltr'>ipsi</span> <span class='ocrx_word' id='word_1_127' title='bbox 1229 1693 1230 1702; x_wconf 75' lang='grc'>’</span> 
     </span>
     <span class='ocr_line' id='line_1_19' title="bbox 175 1778 1081 1860; baseline -0.008 -13"><span class='ocrx_word' id='word_1_128' title='bbox 175 1797 226 1848; x_wconf 78' lang='grc'>605</span> <span class='ocrx_word' id='word_1_129' title='bbox 244 1782 432 1860; x_wconf 85' lang='lat' dir='ltr'>nominitant3</span> <span class='ocrx_word' id='word_1_130' title='bbox 454 1798 510 1840; x_wconf 91' lang='lat' dir='ltr'>nos</span> <span class='ocrx_word' id='word_1_131' title='bbox 532 1780 609 1858; x_wconf 93' lang='lat' dir='ltr'>quod</span> <span class='ocrx_word' id='word_1_132' title='bbox 633 1780 733 1841; x_wconf 89' lang='lat' dir='ltr'>lauces</span> <span class='ocrx_word' id='word_1_133' title='bbox 754 1778 944 1859; x_wconf 89' lang='lat' dir='ltr'>perbibemus</span> <span class='ocrx_word' id='word_1_134' title='bbox 967 1787 997 1840; x_wconf 89' lang='lat' dir='ltr'>et</span> <span class='ocrx_word' id='word_1_135' title='bbox 1019 1798 1081 1840; x_wconf 87' lang='lat' dir='ltr'>ora.</span> 
     </span>
     <span class='ocr_line' id='line_1_20' title="bbox 290 1867 1232 1948; baseline 0.002 -19"><span class='ocrx_word' id='word_1_136' title='bbox 290 1867 364 1929; x_wconf 88' lang='lat' dir='ltr'>Sunt</span> <span class='ocrx_word' id='word_1_137' title='bbox 381 1868 491 1948; x_wconf 83' lang='lat' dir='ltr'>aliquot</span> <span class='ocrx_word' id='word_1_138' title='bbox 509 1885 627 1947; x_wconf 89' lang='lat' dir='ltr'>quoque</span> <span class='ocrx_word' id='word_1_139' title='bbox 640 1886 689 1929; x_wconf 87' lang='lat' dir='ltr'>res</span> <span class='ocrx_word' id='word_1_140' title='bbox 703 1886 828 1947; x_wconf 90' lang='lat' dir='ltr'>quarum</span> <span class='ocrx_word' id='word_1_141' title='bbox 840 1886 930 1930; x_wconf 90' lang='lat' dir='ltr'>unam</span> <span class='ocrx_word' id='word_1_142' title='bbox 943 1868 1043 1930; x_wconf 90' lang='lat' dir='ltr'>dicere</span> <span class='ocrx_word' id='word_1_143' title='bbox 1057 1887 1183 1931; x_wconf 88' lang='lat' dir='ltr'>causam</span> <span class='ocrx_word' id='word_1_144' title='bbox 1231 1871 1232 1905; x_wconf 66' lang='lat' dir='ltr'>l</span> 
     </span>
     <span class='ocr_line' id='line_1_21' title="bbox 245 1955 1114 2039; baseline 0 -21"><span class='ocrx_word' id='word_1_145' title='bbox 245 1975 305 2018; x_wconf 95' lang='lat' dir='ltr'>non</span> <span class='ocrx_word' id='word_1_146' title='bbox 327 1959 399 2018; x_wconf 89' lang='lat' dir='ltr'>satis</span> <span class='ocrx_word' id='word_1_147' title='bbox 422 1964 480 2038; x_wconf 84' lang='lat' dir='ltr'>est,</span> <span class='ocrx_word' id='word_1_148' title='bbox 501 1974 604 2017; x_wconf 80' lang='lat' dir='ltr'>verum</span> <span class='ocrx_word' id='word_1_149' title='bbox 626 1956 733 2036; x_wconf 87' lang='lat' dir='ltr'>pluris,</span> <span class='ocrx_word' id='word_1_150' title='bbox 756 1956 833 2016; x_wconf 92' lang='lat' dir='ltr'>unde</span> <span class='ocrx_word' id='word_1_151' title='bbox 856 1975 916 2018; x_wconf 90' lang='lat' dir='ltr'>una</span> <span class='ocrx_word' id='word_1_152' title='bbox 937 1955 1036 2017; x_wconf 83' lang='grc'><strong><em>666166</em></strong></span> <span class='ocrx_word' id='word_1_153' title='bbox 1060 1960 1114 2039; x_wconf 82' lang='lat' dir='ltr'>sit3</span> 
     </span>
     <span class='ocr_line' id='line_1_22' title="bbox 176 2044 1184 2124; baseline 0.005 -19"><span class='ocrx_word' id='word_1_154' title='bbox 176 2053 231 2105; x_wconf 85' lang='grc'>705</span> <span class='ocrx_word' id='word_1_155' title='bbox 246 2064 354 2124; x_wconf 92' lang='lat' dir='ltr'>corpus</span> <span class='ocrx_word' id='word_1_156' title='bbox 376 2053 410 2106; x_wconf 92' lang='lat' dir='ltr'>ut</span> <span class='ocrx_word' id='word_1_157' title='bbox 432 2047 598 2106; x_wconf 81' lang='lat' dir='ltr'>exanimum</span> <span class='ocrx_word' id='word_1_158' title='bbox 621 2044 726 2123; x_wconf 90' lang='lat' dir='ltr'>siquod</span> <span class='ocrx_word' id='word_1_159' title='bbox 749 2044 852 2123; x_wconf 87' lang='lat' dir='ltr'>procul</span> <span class='ocrx_word' id='word_1_160' title='bbox 874 2047 938 2124; x_wconf 89' lang='lat' dir='ltr'>ipse</span> <span class='ocrx_word' id='word_1_161' title='bbox 960 2047 1057 2105; x_wconf 90' lang='lat' dir='ltr'>iacere</span> <span class='ocrx_word' id='word_1_162' title='bbox 1143 2070 1184 2110; x_wconf 81' lang='lat' dir='ltr'>ros</span> 
     </span>
     <span class='ocr_line' id='line_1_23' title="bbox 246 2132 1048 2213; baseline -0.004 -18"><span class='ocrx_word' id='word_1_163' title='bbox 246 2135 409 2213; x_wconf 90' lang='lat' dir='ltr'>conspicias</span> <span class='ocrx_word' id='word_1_164' title='bbox 431 2134 572 2212; x_wconf 79' lang='lat' dir='ltr'>bominis,</span> <span class='ocrx_word' id='word_1_165' title='bbox 595 2133 683 2192; x_wconf 88' lang='lat' dir='ltr'>litut</span> <span class='ocrx_word' id='word_1_166' title='bbox 705 2135 800 2193; x_wconf 90' lang='lat' dir='ltr'>omnis</span> <span class='ocrx_word' id='word_1_167' title='bbox 824 2132 922 2193; x_wconf 88' lang='lat' dir='ltr'>dicere</span> <span class='ocrx_word' id='word_1_168' title='bbox 945 2151 1048 2194; x_wconf 85' lang='lat' dir='ltr'>causas</span> 
     </span>
     <span class='ocr_line' id='line_1_24' title="bbox 176 2220 873 2301; baseline -0.004 -18"><span class='ocrx_word' id='word_1_169' title='bbox 176 2238 228 2290; x_wconf 73' lang='grc' dir='ltr'>τοο</span> <span class='ocrx_word' id='word_1_170' title='bbox 247 2224 400 2283; x_wconf 86' lang='lat' dir='ltr'>conveniat</span> <span class='ocrx_word' id='word_1_171' title='bbox 422 2220 486 2301; x_wconf 87' lang='lat' dir='ltr'>leti,</span> <span class='ocrx_word' id='word_1_172' title='bbox 509 2220 624 2280; x_wconf 89' lang='lat' dir='ltr'>dicatur</span> <span class='ocrx_word' id='word_1_173' title='bbox 645 2227 680 2280; x_wconf 88' lang='lat' dir='ltr'>ut</span> <span class='ocrx_word' id='word_1_174' title='bbox 701 2221 780 2281; x_wconf 90' lang='lat' dir='ltr'>illius</span> <span class='ocrx_word' id='word_1_175' title='bbox 802 2239 873 2280; x_wconf 85' lang='lat' dir='ltr'>una:</span> 
     </span>
     <span class='ocr_line' id='line_1_25' title="bbox 245 2308 1094 2388; baseline -0.002 -17"><span class='ocrx_word' id='word_1_176' title='bbox 245 2328 313 2372; x_wconf 92' lang='lat' dir='ltr'>nam</span> <span class='ocrx_word' id='word_1_177' title='bbox 335 2327 432 2388; x_wconf 90' lang='lat' dir='ltr'>neque</span> <span class='ocrx_word' id='word_1_178' title='bbox 456 2327 523 2369; x_wconf 93' lang='lat' dir='ltr'>eum</span> <span class='ocrx_word' id='word_1_179' title='bbox 545 2308 625 2368; x_wconf 89' lang='lat' dir='ltr'>lerro</span> <span class='ocrx_word' id='word_1_180' title='bbox 647 2326 703 2368; x_wconf 89' lang='lat' dir='ltr'>nec</span> <span class='ocrx_word' id='word_1_181' title='bbox 725 2308 834 2386; x_wconf 82' lang='lat' dir='ltr'>frigore</span> <span class='ocrx_word' id='word_1_182' title='bbox 856 2311 973 2370; x_wconf 84' lang='lat' dir='ltr'>vincere</span> <span class='ocrx_word' id='word_1_183' title='bbox 995 2312 1094 2388; x_wconf 89' lang='lat' dir='ltr'>possis</span> 
     </span>
     <span class='ocr_line' id='line_1_26' title="bbox 246 2395 1043 2477; baseline -0.001 -19"><span class='ocrx_word' id='word_1_184' title='bbox 246 2400 395 2459; x_wconf 88' lang='lat' dir='ltr'>interiisse</span> <span class='ocrx_word' id='word_1_185' title='bbox 417 2415 513 2476; x_wconf 89' lang='lat' dir='ltr'>neque</span> <span class='ocrx_word' id='word_1_186' title='bbox 537 2415 554 2456; x_wconf 91' lang='lat' dir='ltr'>a</span> <span class='ocrx_word' id='word_1_187' title='bbox 575 2395 679 2456; x_wconf 90' lang='lat' dir='ltr'>morbo</span> <span class='ocrx_word' id='word_1_188' title='bbox 701 2413 796 2474; x_wconf 90' lang='lat' dir='ltr'>neque</span> <span class='ocrx_word' id='word_1_189' title='bbox 820 2397 895 2456; x_wconf 84' lang='lat' dir='ltr'>forte</span> <span class='ocrx_word' id='word_1_190' title='bbox 917 2415 1043 2477; x_wconf 85' lang='lat' dir='ltr'>veneno,</span> 
     </span>
     <span class='ocr_line' id='line_1_27' title="bbox 177 2484 1190 2564; baseline 0.003 -19"><span class='ocrx_word' id='word_1_191' title='bbox 177 2493 230 2545; x_wconf 87' lang='lat'>710</span> <span class='ocrx_word' id='word_1_192' title='bbox 245 2504 347 2548; x_wconf 89' lang='lat' dir='ltr'>verum</span> <span class='ocrx_word' id='word_1_193' title='bbox 370 2484 479 2564; x_wconf 90' lang='lat' dir='ltr'>aliquid</span> <span class='ocrx_word' id='word_1_194' title='bbox 501 2502 609 2562; x_wconf 81' lang='lat' dir='ltr'>genere</span> <span class='ocrx_word' id='word_1_195' title='bbox 632 2502 698 2544; x_wconf 91' lang='lat' dir='ltr'>esse</span> <span class='ocrx_word' id='word_1_196' title='bbox 721 2502 757 2544; x_wconf 84' lang='lat' dir='ltr'>ex</span> <span class='ocrx_word' id='word_1_197' title='bbox 780 2485 836 2544; x_wconf 89' lang='lat' dir='ltr'>hoc</span> <span class='ocrx_word' id='word_1_198' title='bbox 858 2485 936 2564; x_wconf 93' lang='lat' dir='ltr'>quod</span> <span class='ocrx_word' id='word_1_199' title='bbox 956 2487 1079 2564; x_wconf 87' lang='lat' dir='ltr'>contigit</span> <span class='ocrx_word' id='word_1_200' title='bbox 1097 2489 1128 2545; x_wconf 92' lang='lat' dir='ltr'>ei</span> <span class='ocrx_word' id='word_1_201' title='bbox 1143 2510 1190 2548; x_wconf 78' lang='lat' dir='ltr'>uo</span> 
     </span>
     <span class='ocr_line' id='line_1_28' title="bbox 142 2565 1138 2638; baseline -0.005 0"><span class='ocrx_word' id='word_1_202' title='bbox 142 2631 145 2638; x_wconf 91' lang='lat'>.</span> <span class='ocrx_word' id='word_1_203' title='bbox 246 2577 365 2635; x_wconf 90' lang='lat' dir='ltr'>scimus.</span> <span class='ocrx_word' id='word_1_204' title='bbox 401 2574 472 2632; x_wconf 90' lang='lat' dir='ltr'>item</span> <span class='ocrx_word' id='word_1_205' title='bbox 494 2574 526 2632; x_wconf 91' lang='lat' dir='ltr'>in</span> <span class='ocrx_word' id='word_1_206' title='bbox 548 2570 649 2632; x_wconf 91' lang='lat' dir='ltr'>multis</span> <span class='ocrx_word' id='word_1_207' title='bbox 671 2572 728 2631; x_wconf 93' lang='lat' dir='ltr'>hoc</span> <span class='ocrx_word' id='word_1_208' title='bbox 749 2571 839 2632; x_wconf 89' lang='lat' dir='ltr'>rebus</span> <span class='ocrx_word' id='word_1_209' title='bbox 862 2573 960 2633; x_wconf 89' lang='lat' dir='ltr'>dicere</span> <span class='ocrx_word' id='word_1_210' title='bbox 982 2565 1138 2634; x_wconf 91' lang='lat' dir='ltr'>habemus.</span> 
     </span>
     <span class='ocr_line' id='line_1_29' title="bbox 177 2660 1082 2739; baseline -0.009 -10"><span class='ocrx_word' id='word_1_211' title='bbox 177 2678 228 2729; x_wconf 81' lang='grc'>706</span> <span class='ocrx_word' id='word_1_212' title='bbox 291 2661 375 2722; x_wconf 89' lang='lat' dir='ltr'>Nilus</span> <span class='ocrx_word' id='word_1_213' title='bbox 396 2663 428 2720; x_wconf 93' lang='lat' dir='ltr'>in</span> <span class='ocrx_word' id='word_1_214' title='bbox 451 2666 592 2722; x_wconf 84' lang='lat' dir='ltr'>aestatem</span> <span class='ocrx_word' id='word_1_215' title='bbox 614 2662 722 2720; x_wconf 89' lang='lat' dir='ltr'>crescit</span> <span class='ocrx_word' id='word_1_216' title='bbox 743 2662 913 2739; x_wconf 88' lang='lat' dir='ltr'>campisque</span> <span class='ocrx_word' id='word_1_217' title='bbox 935 2660 1082 2722; x_wconf 84' lang='lat' dir='ltr'>redundat</span> 
     </span>
     <span class='ocr_line' id='line_1_30' title="bbox 246 2748 914 2828; baseline -0.003 -18"><span class='ocrx_word' id='word_1_218' title='bbox 246 2752 352 2810; x_wconf 90' lang='lat' dir='ltr'>unicus</span> <span class='ocrx_word' id='word_1_219' title='bbox 375 2751 406 2809; x_wconf 90' lang='lat' dir='ltr'>in</span> <span class='ocrx_word' id='word_1_220' title='bbox 429 2750 530 2828; x_wconf 87' lang='lat' dir='ltr'>terris,</span> <span class='ocrx_word' id='word_1_221' title='bbox 553 2748 676 2826; x_wconf 78' lang='lat' dir='ltr'>Aegypti</span> <span class='ocrx_word' id='word_1_222' title='bbox 697 2749 788 2808; x_wconf 89' lang='lat' dir='ltr'>totius</span> <span class='ocrx_word' id='word_1_223' title='bbox 811 2751 914 2808; x_wconf 89' lang='lat' dir='ltr'>amnis.</span> 
     </span>
     <span class='ocr_line' id='line_1_31' title="bbox 247 2835 1058 2918; baseline -0.001 -20"><span class='ocrx_word' id='word_1_224' title='bbox 247 2840 273 2898; x_wconf 89' lang='lat' dir='ltr'>is</span> <span class='ocrx_word' id='word_1_225' title='bbox 295 2841 371 2916; x_wconf 89' lang='lat' dir='ltr'>rigat</span> <span class='ocrx_word' id='word_1_226' title='bbox 393 2837 556 2915; x_wconf 80' lang='lat' dir='ltr'>Aegyptum</span> <span class='ocrx_word' id='word_1_227' title='bbox 578 2835 707 2895; x_wconf 89' lang='lat' dir='ltr'>medium</span> <span class='ocrx_word' id='word_1_228' title='bbox 730 2853 894 2915; x_wconf 89' lang='lat' dir='ltr'>persaepe</span> <span class='ocrx_word' id='word_1_229' title='bbox 917 2836 1058 2918; x_wconf 84' lang='lat' dir='ltr'>calorem,</span> 
     </span>
     <span class='ocr_line' id='line_1_32' title="bbox 177 2922 1192 3005; baseline 0.004 -20"><span class='ocrx_word' id='word_1_230' title='bbox 177 2932 231 2985; x_wconf 86' lang='grc'>716</span> <span class='ocrx_word' id='word_1_231' title='bbox 248 2932 298 2986; x_wconf 92' lang='grc'>666</span> <span class='ocrx_word' id='word_1_232' title='bbox 320 2927 389 3004; x_wconf 92' lang='lat' dir='ltr'>quia</span> <span class='ocrx_word' id='word_1_233' title='bbox 411 2931 481 2984; x_wconf 92' lang='lat' dir='ltr'>sunt</span> <span class='ocrx_word' id='word_1_234' title='bbox 503 2930 612 2984; x_wconf 90' lang='lat' dir='ltr'>aestate</span> <span class='ocrx_word' id='word_1_235' title='bbox 636 2922 788 3001; x_wconf 90' lang='lat' dir='ltr'>aquilones</span> <span class='ocrx_word' id='word_1_236' title='bbox 811 2927 886 2984; x_wconf 90' lang='lat' dir='ltr'>ostia</span> <span class='ocrx_word' id='word_1_237' title='bbox 909 2932 1023 3005; x_wconf 81' lang='lat' dir='ltr'>contra,</span> <span class='ocrx_word' id='word_1_238' title='bbox 1147 2949 1192 2989; x_wconf 76' lang='lat' dir='ltr'>us</span> 
     </span>
     <span class='ocr_line' id='line_1_33' title="bbox 248 3012 996 3092; baseline -0.003 -18"><span class='ocrx_word' id='word_1_239' title='bbox 248 3015 317 3074; x_wconf 88' lang='lat' dir='ltr'>anni</span> <span class='ocrx_word' id='word_1_240' title='bbox 339 3021 471 3091; x_wconf 88' lang='lat' dir='ltr'>tempore</span> <span class='ocrx_word' id='word_1_241' title='bbox 495 3029 529 3072; x_wconf 90' lang='lat' dir='ltr'>eo</span> <span class='ocrx_word' id='word_1_242' title='bbox 554 3013 605 3089; x_wconf 89' lang='lat' dir='ltr'>qui</span> <span class='ocrx_word' id='word_1_243' title='bbox 628 3013 736 3071; x_wconf 88' lang='lat' dir='ltr'>etesiae</span> <span class='ocrx_word' id='word_1_244' title='bbox 759 3029 825 3072; x_wconf 89' lang='grc'><strong><em>6666</em></strong></span> <span class='ocrx_word' id='word_1_245' title='bbox 848 3012 996 3092; x_wconf 83' lang='lat' dir='ltr'>feruntur,</span> 
     </span>
     <span class='ocr_line' id='line_1_34' title="bbox 179 3098 1048 3167; baseline 0 -6"><span class='ocrx_word' id='word_1_246' title='bbox 179 3119 229 3167; x_wconf 80' lang='grc'>666</span> <span class='ocrx_word' id='word_1_247' title='bbox 249 3108 279 3161; x_wconf 93' lang='grc'>66</span> <span class='ocrx_word' id='word_1_248' title='bbox 301 3107 403 3161; x_wconf 86' lang='lat' dir='ltr'>contra</span> <span class='ocrx_word' id='word_1_249' title='bbox 424 3099 546 3160; x_wconf 81' lang='grc'><strong><em>11661666</em></strong></span> <span class='ocrx_word' id='word_1_250' title='bbox 568 3098 673 3159; x_wconf 85' lang='grc'><strong><em>1166666</em></strong></span> <span class='ocrx_word' id='word_1_251' title='bbox 694 3107 881 3160; x_wconf 85' lang='lat' dir='ltr'>remorantur</span> <span class='ocrx_word' id='word_1_252' title='bbox 904 3108 934 3160; x_wconf 92' lang='lat' dir='ltr'>et</span> <span class='ocrx_word' id='word_1_253' title='bbox 955 3100 1048 3161; x_wconf 91' lang='lat' dir='ltr'>undas</span> 
     </span>
     <span class='ocr_line' id='line_1_35' title="bbox 227 3186 990 3265; baseline 0.001 -18"><span class='ocrx_word' id='word_1_254' title='bbox 227 3188 230 3196; x_wconf 85' lang='grc'><em>“</em></span> <span class='ocrx_word' id='word_1_255' title='bbox 249 3192 387 3264; x_wconf 89' lang='lat' dir='ltr'>cogentes</span> <span class='ocrx_word' id='word_1_256' title='bbox 411 3204 513 3247; x_wconf 88' lang='lat' dir='ltr'>sursus</span> <span class='ocrx_word' id='word_1_257' title='bbox 536 3186 652 3264; x_wconf 86' lang='lat' dir='ltr'>replent</span> <span class='ocrx_word' id='word_1_258' title='bbox 674 3194 839 3265; x_wconf 89' lang='lat' dir='ltr'>coguntque</span> <span class='ocrx_word' id='word_1_259' title='bbox 861 3206 990 3248; x_wconf 87' lang='lat' dir='ltr'>manere.</span> 
     </span>
     <span class='ocr_line' id='line_1_36' title="bbox 249 3272 1066 3351; baseline 0.002 -17"><span class='ocrx_word' id='word_1_260' title='bbox 249 3292 318 3334; x_wconf 91' lang='lat' dir='ltr'>nam</span> <span class='ocrx_word' id='word_1_261' title='bbox 340 3272 429 3340; x_wconf 88' lang='lat' dir='ltr'>dubio</span> <span class='ocrx_word' id='word_1_262' title='bbox 452 3272 554 3351; x_wconf 88' lang='lat' dir='ltr'>procul</span> <span class='ocrx_word' id='word_1_263' title='bbox 576 3274 649 3333; x_wconf 93' lang='lat' dir='ltr'>haec</span> <span class='ocrx_word' id='word_1_264' title='bbox 672 3274 793 3334; x_wconf 89' lang='lat' dir='ltr'>adverso</span> <span class='ocrx_word' id='word_1_265' title='bbox 816 3275 908 3336; x_wconf 87' lang='lat' dir='ltr'>tlabra</span> <span class='ocrx_word' id='word_1_266' title='bbox 929 3276 1066 3337; x_wconf 86' lang='lat' dir='ltr'>feruntur</span> 
     </span>
     <span class='ocr_line' id='line_1_37' title="bbox 180 3359 1196 3442; baseline 0.008 -22"><span class='ocrx_word' id='word_1_267' title='bbox 180 3360 383 3438; x_wconf 78' lang='lat' dir='ltr'>720ssumine,</span> <span class='ocrx_word' id='word_1_268' title='bbox 406 3377 480 3436; x_wconf 91' lang='lat' dir='ltr'>quae</span> <span class='ocrx_word' id='word_1_269' title='bbox 503 3359 608 3437; x_wconf 83' lang='lat' dir='ltr'>gelidis</span> <span class='ocrx_word' id='word_1_270' title='bbox 631 3360 667 3420; x_wconf 92' lang='lat' dir='ltr'>ab</span> <span class='ocrx_word' id='word_1_271' title='bbox 691 3361 783 3421; x_wconf 90' lang='lat' dir='ltr'>stellis</span> <span class='ocrx_word' id='word_1_272' title='bbox 806 3365 869 3422; x_wconf 84' lang='lat' dir='ltr'>axis</span> <span class='ocrx_word' id='word_1_273' title='bbox 892 3369 1030 3442; x_wconf 89' lang='lat' dir='ltr'>aguntur:</span> <span class='ocrx_word' id='word_1_274' title='bbox 1150 3389 1196 3428; x_wconf 79' lang='lat' dir='ltr'>rao</span> 
     </span>
     <span class='ocr_line' id='line_1_38' title="bbox 250 3445 1029 3531; baseline 0.006 -25"><span class='ocrx_word' id='word_1_275' title='bbox 250 3446 299 3506; x_wconf 91' lang='lat' dir='ltr'>ille</span> <span class='ocrx_word' id='word_1_276' title='bbox 323 3464 359 3506; x_wconf 83' lang='lat' dir='ltr'>ex</span> <span class='ocrx_word' id='word_1_277' title='bbox 382 3445 516 3505; x_wconf 79' lang='lat' dir='ltr'>aestifera</span> <span class='ocrx_word' id='word_1_278' title='bbox 539 3449 618 3525; x_wconf 90' lang='lat' dir='ltr'>parti</span> <span class='ocrx_word' id='word_1_279' title='bbox 639 3451 720 3508; x_wconf 86' lang='lat' dir='ltr'>venit</span> <span class='ocrx_word' id='word_1_280' title='bbox 742 3452 836 3509; x_wconf 90' lang='lat' dir='ltr'>amnis</span> <span class='ocrx_word' id='word_1_281' title='bbox 858 3449 894 3509; x_wconf 92' lang='lat' dir='ltr'>ab</span> <span class='ocrx_word' id='word_1_282' title='bbox 917 3458 1029 3531; x_wconf 87' lang='lat' dir='ltr'>austro,</span> 
     </span>
    </p>
   </div>
   <div class='ocr_carea' id='block_1_3' title="bbox 0 0 1261 3800">
    <p class='ocr_par' dir='ltr' id='par_1_3' title="bbox 0 0 1261 3800">
     <span class='ocr_line' id='line_1_39' title="bbox 0 0 1261 3800; baseline 0 0"><span class='ocrx_word' id='word_1_283' title='bbox 0 0 1261 3800; x_wconf 95' lang='lat' dir='ltr'> </span> 
     </span>
    </p>
   </div>
  </div>
 </body>
</html>
