2484 3800
180 175 223 239 92
663 172 702 226 ΠΙ

267 319 411 398 numquid
434 317 476 379 ibi
498 317 641 379 horribile
664 326 797 400 apparet,
819 337 891 380 num
913 321 998 380 triste
1022 321 1141 381 ridetur

197 425 251 476 975
268 411 439 487 quicquam,
461 425 520 467 nou
543 409 625 467 omni
648 425 751 468 somno
774 410 909 467 securius
933 404 1050 468 exstat?

198 512 251 562 sto
313 496 406 574 Atque
421 514 464 576 ea,
480 497 630 576 nimirum,
644 513 846 574 quaecumque
859 495 1027 556 Acherunte
1040 497 1187 574 profundo

268 584 385 663 prodita
408 589 477 643 suut
499 601 579 663 esse,
601 586 633 643 in
655 586 715 643 rita
738 591 807 644 sunt
829 585 927 643 omnia
949 583 1044 645 nobis.

268 690 324 732 uec
346 673 439 731 miser
460 670 624 750 inpendens
646 689 785 750 magnum
806 674 892 731 timet
914 676 982 732 aire
1006 690 1110 733 saxum
1149 695 1188 734 aso

268 759 421 839 Tantalus,
443 765 477 819 ut
498 759 615 839 famast,
638 777 721 819 cassa
742 759 899 819 formidine
922 767 1058 838 torpeus:

200 863 255 915 980
270 847 323 908 sed
344 849 439 925 magis
460 850 492 907 in
516 848 574 907 rita
596 847 693 907 divom
716 853 813 907 metus
834 854 922 926 urget
943 850 1040 908 inanis

200 953 252 1003 990
269 934 416 1015 mortalis,
439 953 598 1013 casumque
621 938 728 995 timent
750 953 838 1013 quem
861 937 968 1014 cuique
992 937 1068 997 forat
1090 936 1161 998 fors.

269 1042 325 1084 nec
346 1023 453 1102 Tityon
475 1022 609 1083 volucres
632 1025 736 1083 ineunt
757 1023 924 1083 Acherunte
947 1026 1106 1106 iacentem,

270 1130 326 1172 nec
349 1111 426 1189 quod
450 1110 505 1171 sub
526 1128 631 1189 magno
650 1118 820 1171 scrutentur
837 1118 956 1189 pectore
976 1115 1134 1192 quicquam
1149 1133 1188 1175 aas

270 1206 442 1278 perpetuam
464 1205 589 1259 aetatem
611 1206 736 1277 possunt
758 1201 891 1278 reperire
913 1200 1055 1278 profecto.

199 1303 256 1354 005
270 1286 431 1365 quamlibet
452 1288 573 1346 immani
595 1289 730 1365 proiectu
753 1288 886 1365 corporis
909 1295 1018 1368 exstet,

201 1377 323 1453 sesqui
345 1393 405 1435 non
428 1373 490 1435 sola
511 1392 616 1435 novem
640 1374 783 1453 dispessis
806 1378 908 1453 iugera
930 1376 1074 1438 membris

271 1465 414 1542 optineat,
437 1462 489 1523 sed
512 1464 563 1541 qui
587 1464 679 1523 terrai
700 1464 791 1523 totius
815 1462 930 1544 orbem,

271 1557 450 1611 nontamen
472 1558 625 1611 aeternum
647 1552 757 1629 poterit
778 1550 910 1629 perferre
934 1551 1068 1613 dolorem
1150 1575 1188 1615 000

271 1656 326 1698 000
348 1637 489 1716 praebere
513 1638 612 1699 cibum
635 1640 755 1717 proprio
779 1638 816 1698 de
839 1656 962 1718 corpore
987 1658 1114 1719 semper.

200 1742 257 1793 990
275 1726 327 1786 sed
350 1726 450 1804 Tityos
473 1725 559 1786 nobis
580 1727 630 1786 hic
653 1733 711 1807 est,
733 1728 765 1786 iu
788 1744 887 1787 amore
910 1729 1056 1789 iacentem

201 1830 254 1880 000
272 1831 362 1891 quem
383 1812 518 1874 volucres
540 1814 669 1875 lacerant
697 1860 1129 1879 .........

272 1949 647 1964 ........
694 1910 780 1982 atque
804 1911 888 1964 exest
910 1907 1014 1966 aurius
1038 1924 1132 1984 angor

272 1997 322 2050 aut
345 1989 417 2050 aliae
441 1993 548 2069 quoius
571 1992 710 2052 scindunt
733 1991 899 2070 cuppediui’
922 2011 1019 2053 curae.

272 2078 415 2158 Sisyphus
437 2080 470 2138 in
492 2081 551 2139 vita
574 2098 691 2158 quoque
714 2078 800 2139 uobis
823 2086 890 2140 ante
913 2081 1014 2141 oculos
1037 2090 1097 2165 est,
1153 2106 1191 2146 sss

273 2169 325 2246 qui
346 2173 448 2247 petere
471 2185 488 2227 a
509 2165 618 2246 populo
640 2167 737 2228 fasces
761 2185 919 2248 saevasque
943 2187 1064 2231 secures

202 2272 254 2322 eos
273 2253 403 2334 imbibit,
426 2262 456 2314 et
478 2272 597 2333 semper
619 2257 713 2316 victus
735 2257 889 2335 tristisque
912 2257 1032 2318 recedit.

271 2361 339 2403 nam
352 2350 454 2421 petere
467 2344 635 2423 imperium,
649 2342 727 2422 quod
741 2345 858 2404 inanest
870 2363 926 2405 nec
940 2345 1027 2406 datur
1040 2365 1193 2428 umquam,

272 2439 359 2509 atque
382 2432 413 2490 in
437 2449 472 2490 eo
495 2448 613 2508 semper
636 2430 743 2491 durum
766 2432 891 2492 sufferre
914 2432 1057 2516 laborem,

272 2519 328 2578 hoo
352 2525 397 2578 est
419 2519 541 2578 adverso
564 2520 714 2578 nixantem
736 2519 856 2580 trudere
877 2528 976 2581 monte
1141 2547 1194 2587 rooo

272 2624 387 2686 saxum,
411 2605 488 2684 quod
512 2612 610 2665 tamen
634 2623 650 2668 e
672 2624 786 2666 summo
810 2609 868 2667 iam
892 2611 1001 2669 vertice
1024 2628 1131 2672 rusum

186 2710 253 2760 1000
272 2693 397 2754 volvitur
419 2700 449 2754 et
471 2692 550 2772 plani
573 2696 681 2772 raptim
703 2697 778 2773 petit
801 2714 929 2775 aequora
951 2699 1056 2777 campi.

271 2781 378 2842 deinde
401 2784 491 2841 animi
514 2784 659 2859 ingratam
681 2789 816 2843 naturam
837 2801 960 2861 pascere
983 2803 1117 2868 semper,

273 2877 359 2948 atque
383 2869 501 2948 explere
524 2868 610 2930 bouis
633 2869 723 2930 rebus
747 2873 912 2951 satiareque
936 2891 1113 2956 numquam,

273 2957 350 3036 quod
373 2957 484 3017 faciunt
507 2956 593 3017 nobis
616 2976 760 3018 annorum
782 2965 928 3041 tempora,
951 2963 1064 3021 circum
1142 2987 1194 3028 roos

272 3062 340 3104 cum
362 3045 487 3105 redeunt
510 3044 646 3124 fetusque
670 3046 770 3107 ierunt
790 3049 946 3127 variosque
970 3048 1103 3132 lepores,

185 3147 253 3198 1000
272 3149 327 3191 uec
349 3139 447 3192 umen
470 3131 624 3210 explemur
646 3135 716 3194 vitai
737 3135 883 3196 fructibus
905 3155 1060 3219 umquam,

272 3219 342 3298 hoc,
364 3226 397 3278 ut
419 3222 537 3300 opinor,
559 3221 590 3280 id
613 3228 672 3302 est,
695 3240 765 3282 aero
789 3222 912 3285 florente
935 3225 1049 3304 puellas

274 3305 352 3384 quod
380 3315 545 3367 memorant
572 3308 689 3370 laticem
714 3317 867 3389 pertusum
891 3331 1052 3392 congerere
1075 3317 1108 3376 in
1132 3335 1196 3398 vas,

272 3391 351 3471 quod
374 3398 472 3454 tamen
496 3394 610 3473 expleri
632 3397 711 3458 nulla
733 3401 846 3460 ratione
869 3409 1012 3482 potestur.
1144 3429 1198 3470 imo

273 3478 422 3540 Cerberus
444 3488 474 3540 et
497 3480 603 3543 Furiae
627 3487 686 3544 iam
707 3505 790 3568 vero,
813 3495 842 3548 et
865 3488 939 3550 lueis
963 3497 1080 3568 egestas
