2484 3800
538 150 670 223 vr'

127 316 348 397 confervefacit,
372 333 388 376 e
411 318 510 394 parvis
533 319 602 395 quia
624 317 699 377 facta
721 318 833 378 minute

54 419 106 470 350
127 403 301 483 corporibus
324 406 368 463 ris
382 398 437 464 'est
459 413 489 464 et
511 404 624 465 levibus
648 424 683 465 ex
705 404 871 487 elementis,

54 500 109 551 355
128 511 202 571 quae
225 492 310 553 facile
333 492 520 553 insinuantur
543 501 572 553 et
594 496 742 553 insinuata
764 492 885 572 repente
1018 517 1058 559 eos

127 580 292 641 dissoluont
314 580 408 641 nodos
431 583 525 641 omnis
549 588 578 642 et
600 581 694 642 vincla
717 580 855 642 relaxant.

128 676 326 747 autumnoque
349 670 442 747 magis
465 668 558 729 stellis
580 669 759 748 fulgentibus
781 677 847 748 apta

128 760 294 818 concutitur
317 756 389 817 caeli
413 756 517 817 domus
540 758 671 837 undique
693 764 811 836 totaque
835 757 935 840 tellus,

53 863 107 912 355
128 854 158 906 et
180 864 246 906 oum
268 852 401 924 tempora
425 863 456 905 se
479 848 557 906 veris
580 846 716 906 florentia
737 846 876 924 pandunt

53 943 111 993 366
128 935 237 1012 frigore
261 936 340 994 enim
362 933 469 993 desunt
491 936 587 1015 ignes,
610 936 748 1013 ventique
772 933 868 994 calore
1018 958 1058 999 ooo

127 1022 267 1083 deficiunt
287 1039 385 1100 neque
408 1029 477 1083 sunt
498 1029 558 1082 tam
581 1022 673 1083 tenso
697 1039 819 1101 corpore
842 1022 944 1083 nubes.

127 1114 345 1189 interutrasque
367 1111 457 1188 igitur
480 1129 547 1171 cum
570 1111 644 1171 caeli
665 1118 799 1189 tempora
821 1118 968 1192 constant,

126 1207 190 1259 tum
211 1200 308 1258 variae
331 1216 435 1259 causae
459 1206 639 1259 concurrunt
661 1198 792 1259 fulminis
816 1217 931 1260 omnes:

53 1305 107 1354 000
127 1305 194 1347 nam
217 1287 310 1347 fretus
334 1288 398 1365 ipse
421 1289 491 1346 anni
513 1290 673 1365 permiscet
695 1288 787 1366 frigus
810 1288 839 1348 01
859 1294 986 1368 aestum,

53 1383 161 1435 36601
183 1374 329 1435 discordia
350 1372 393 1435 stt
413 1392 513 1435 rerum
533 1392 698 1454 magnoque
717 1374 846 1435 tumultu
1017 1399 1057 1439 ecc

125 1462 243 1541 ignibus
267 1470 297 1523 et
317 1464 414 1522 ventis
436 1463 612 1523 furibundus
635 1464 757 1523 fluctuet
782 1482 845 1544 aer,
1017 1488 1057 1528 eor

52 1560 110 1612 365
127 1569 252 1631 quorum
261 1558 418 1629 utrumque
429 1568 502 1629 opus
512 1558 558 1611 est
566 1526 735 1611 fabrroanda
745 1551 781 1612 ad
791 1551 913 1612 fulmina
922 1551 1003 1613 0010
1016 1574 1057 1616 cca

125 1642 221 1719 prima
244 1637 349 1699 caloris
372 1640 451 1699 enim
473 1657 542 1719 pars
566 1647 595 1699 et
617 1646 766 1719 postrema
788 1641 895 1718 11μο10
1017 1664 1057 1705 000

53 1745 107 1796 305
126 1736 242 1807 tempus
265 1727 295 1787 id
318 1733 364 1787 est
385 1745 521 1808 vernum3
545 1746 636 1806 quare
658 1746 789 1807 pugnare
811 1736 963 1790 necessest

53 1825 111 1876 370
128 1814 281 1875 dissimilis
303 1816 381 1875 inter
404 1833 435 1875 se
458 1834 507 1875 res
529 1816 708 1895 turbareque
728 1818 847 1877 mixtas:
1017 1841 1057 1881 oro

127 1912 156 1965 et
179 1903 258 1964 calor
280 1910 429 1964 extremus
452 1907 547 1983 primo
571 1924 639 1966 cum
661 1906 769 2008 frigore
792 1908 902 1967 mixtus

125 1991 263 2072 volvitur,
286 1994 419 2052 autumni
441 1993 519 2070 quod
541 1993 637 2053 fertur
657 1996 776 2052 nomine
798 2001 928 2075 tempus,

124 2080 174 2140 hic
197 2098 313 2158 quoque
336 2081 497 2158 confligunt
517 2081 631 2140 hiemes
654 2079 813 2140 aestatibus
836 2099 927 2142 acres.

52 2187 107 2237 370
126 2176 283 2248 propterea
302 2166 385 2270 frctq
407 2174 476 2228 sunt
497 2167 569 2228 baec
591 2170 662 2227 anni
683 2168 895 2250 nominitanda;

53 2265 110 2317 375
126 2275 181 2317 000
203 2259 352 2336 mirumst,
375 2258 407 2315 in
430 2273 464 2315 eo
489 2257 515 2315 si
537 2263 669 2334 tempore
692 2255 819 2334 plurima
842 2257 916 2317 11001
1016 2278 1055 2320 ers

126 2345 247 2406 fulmina
269 2349 486 2423 tempestasque
510 2345 605 2404 cietur
626 2343 744 2404 turbida
766 2343 860 2424 caelo,
938 2347 941 2352 ’

127 2435 248 2511 ancipiti
271 2434 409 2511 quoniam
432 2430 508 2493 bello
531 2431 667 2492 turbatur
684 2434 846 2512 utrimque,

126 2521 194 2582 binc
217 2520 355 2600 flammis,
377 2519 458 2580 illinc
480 2522 589 2600 ventis,
612 2538 771 2598 umoreque
794 2522 895 2580 mixto.

52 2625 107 2676 3⁷5
178 2608 240 2669 Hoc
263 2617 309 2669 est
331 2608 450 2687 igniferi
471 2615 604 2669 naturam
628 2607 759 2669 fulminis
782 2610 875 2687 ipsam

51 2706 109 2758 386
124 2699 294 2776 perspicere
317 2704 346 2756 et
369 2715 426 2776 qua
448 2699 477 2756 vi
499 2697 586 2757 faciat
608 2714 672 2756 rem
695 2715 840 2775 quamque
863 2692 976 2777 videre,
1016 2718 1056 2760 cco

124 2803 184 2845 non
207 2784 357 2864 Tyrrhena
380 2792 459 2845 retro
483 2784 646 2846 volventem
669 2786 799 2845 carmina
820 2785 930 2844 frustra

125 2873 233 2933 indicia
256 2872 386 2934 occultae
410 2873 508 2934 dirum
531 2875 703 2952 perquirere
723 2872 843 2953 mentis,
1015 2895 1055 2935 eoo
1089 2945 1093 2952 ¹

51 2969 110 3020 366
124 2961 230 3040 quidve
253 2978 373 3021 monere
396 2969 483 3039 queat
505 2961 541 3021 de
564 2961 645 3021 caelo
667 2960 798 3021 fulminis
821 2963 906 3021 ictus.
1015 2984 1055 3025 occ

51 3066 105 3116 330
125 3049 203 3128 quod
227 3052 253 3109 si
274 3049 407 3128 luppiter
429 3057 515 3128 atque
539 3049 588 3109 alii
611 3048 752 3126 fulgentia
775 3047 834 3108 diri

123 3138 253 3198 terrifico
277 3138 411 3216 quatiunt
434 3140 532 3197 sonitu
554 3136 691 3196 caelestia
713 3135 822 3214 templa

123 3232 154 3286 et
175 3227 286 3285 iaciunt
307 3227 406 3304 ignem
429 3243 486 3304 quo
510 3227 667 3304 quoiquest
689 3243 814 3303 cumque
837 3223 982 3305 voluptas,

49 3321 107 3375 390
124 3332 177 3374 our
201 3313 307 3392 quibus
331 3315 480 3373 incautum
503 3312 599 3373 scelus
623 3312 783 3373 aversabile
808 3321 962 3392 cumquest
1014 3335 1055 3374 coo

122 3419 183 3461 non
206 3402 316 3462 faciunt
337 3404 389 3462 icti
412 3401 542 3462 flammas
565 3409 605 3472 01
619 3401 745 3480 fulguris
767 3401 867 3462 balent

347 3487 547 3568 [000-305]
564 3519 604 3540 =
620 3487 758 3553 05-01.
