2484 3800
126 153 191 215 124
612 150 652 203 IV

211 300 279 377 pusi
302 298 389 376 sa'epe
411 296 507 357 lacum
529 304 653 375 propter
675 298 701 356 si
723 314 757 356 ac
780 295 858 356 dolia
881 301 965 356 curta

123 402 199 454 1020
213 403 316 446 somno
339 385 468 445 devincti
491 384 615 445 credrmt
639 403 671 444 se
694 382 834 444 extollere
857 391 983 464 vestem,

125 490 194 541 1005
213 476 303 534 totius
326 491 460 533 umorem
483 479 631 533 saccatum
654 472 779 551 corpori'
802 473 942 551 fundunt,

213 579 280 622 cum
303 559 478 639 Babylonica
500 562 656 639 magnifico
680 559 836 639 splendore
859 562 1002 639 rigantur.

212 656 276 710 tum
298 648 405 728 quibus
429 651 533 709 aetatis
555 649 631 708 freta
652 652 792 727 primitus
815 651 984 709 insinuatur
1083 669 1135 710 roeo

213 755 327 817 semen,
349 737 401 797 ubi
423 739 487 815 ipsa
511 736 575 797 dies
597 736 740 797 membris
761 744 876 797 matura
898 737 1022 815 creavit,

124 841 200 893 1025
212 828 389 886 conveniunt
412 824 568 885 simulacra
591 826 665 884 foris
688 843 704 884 e
727 842 852 904 corpore
875 841 1007 905 quoque,

125 930 194 982 1010
212 916 315 974 nuntia
337 912 482 992 praeclari
504 912 599 973 voltus
622 912 797 992 pulchrique
821 912 943 993 coloris,

214 1004 265 1081 qui
288 1004 346 1063 ciet
368 1003 494 1061 inritans
517 1000 580 1061 loca
602 1000 720 1078 turgida
744 1003 856 1061 semine
879 1000 985 1079 multo,

212 1098 246 1150 ut
264 1092 348 1168 quasi
368 1092 525 1149 transactis
544 1106 631 1167 saepe
650 1088 779 1149 omnihu'
792 1087 875 1148 rebu'
888 1087 1068 1167 prolundant
1081 1108 1133 1149 mss

213 1179 343 1238 fluminis
367 1180 496 1256 ingentis
519 1177 627 1237 fluctus
650 1184 821 1256 vestemque
844 1183 1009 1237 cruentent
1081 1198 1133 1238 roco

142 1281 199 1333 932
214 1284 339 1345 namque
363 1264 434 1325 alias
457 1264 535 1325 aliud
558 1282 607 1324 res
631 1271 796 1325 commovet
817 1272 905 1343 atque
928 1263 1061 1325 lacessit:
1082 1286 1133 1326 rose
1234 1343 1235 1346 Ἴ

126 1369 195 1420 1015
214 1372 250 1415 ex
272 1355 391 1413 homine
412 1353 572 1413 humanum
591 1370 694 1413 semen
712 1355 772 1413 ciet
790 1371 848 1413 una
865 1353 995 1413 hominis
1015 1354 1069 1412 vis.
1083 1376 1133 1415 roro
1234 1351 1235 1364 ¹

125 1458 199 1508 1030
257 1442 438 1501 Sollicitatur
460 1441 490 1501 id
512 1439 549 1501 c‘rt
570 1440 670 1522 nobis,
693 1440 772 1520 quod
795 1440 924 1501 diximus
946 1446 1029 1521 ante,
1085 1465 1132 1505 mer

215 1548 328 1610 semen,
352 1528 449 1589 adulta
472 1536 551 1589 aetas
574 1531 794 1607 cumprimum
816 1528 936 1589 roborat
958 1534 1051 1589 artus.
1084 1553 1134 1593 roae

214 1618 292 1697 quod
316 1616 513 1696 simulatque
537 1620 600 1677 suis
624 1619 750 1677 eiectum
774 1616 894 1677 sedibus
917 1620 991 1698 exit,
1085 1640 1133 1681 mu

125 1721 199 1771 1035
214 1724 268 1785 per
291 1704 423 1765 membra
446 1712 532 1783 atque
556 1712 637 1765 artus
660 1704 778 1765 decedit
800 1723 924 1783 corpore
946 1713 1025 1789 toto,

127 1809 196 1859 1010
214 1796 245 1853 in
268 1792 332 1853 loca
355 1796 531 1853 conveniens
555 1811 715 1853 nervorum
738 1800 831 1873 certa,
857 1795 974 1873 cietque

215 1883 353 1942 continuo
376 1883 469 1960 partis
492 1880 628 1960 genitalis
652 1883 785 1961 corporis
808 1884 897 1961 ipsas.

214 1973 333 2031 inritata
355 1977 470 2030 tument
492 1969 555 2030 loca
579 1972 705 2050 semine,
728 1971 819 2048 litque
842 1970 976 2030 voluntas
1083 1992 1134 2034 toas

214 2061 311 2119 eicere
335 2058 365 2118 id
389 2076 447 2136 quo
470 2076 503 2118 se
526 2059 677 2118 contendit
699 2058 762 2118 dira
784 2057 899 2138 lubido,
1086 2083 1138 2122 mae

126 2162 198 2214 1040
214 2147 302 2226 idque
326 2149 401 2225 petit
423 2164 544 2226 corpus,
566 2164 651 2206 mens
674 2145 782 2206 undest
804 2148 903 2207 saucia
925 2165 1042 2207 amore:
1086 2171 1138 2210 1⁰48

127 2249 196 2301 1025
215 2253 340 2314 namque
364 2252 467 2294 omnes
488 2231 663 2313 plerumque
686 2233 795 2295 cadunt
816 2237 848 2294 in
866 2233 983 2315 vulnus,
1006 2242 1038 2295 et
1056 2235 1137 2296 illam

215 2326 322 2384 emicat
344 2325 375 2383 in
398 2329 511 2401 partem
536 2325 668 2402 sanguis,
690 2323 770 2382 unde
792 2324 900 2382 icimur
922 2325 997 2402 ictu,
1086 2347 1138 2387 10⁵0

214 2418 245 2472 et
267 2413 294 2472 si
316 2413 480 2471 comminus
504 2417 562 2491 est,
585 2410 701 2470 hostem
723 2409 814 2471 ruber
837 2417 961 2489 occupat
983 2429 1080 2472 umor.

215 2501 259 2559 sic
281 2501 373 2577 igitur
394 2498 516 2558 Veneris
540 2500 591 2576 qui
613 2497 681 2558 telis
704 2501 811 2577 accipit
834 2501 925 2580 ictus,

128 2589 276 2653 1045οὶ10
300 2605 375 2665 puer
397 2585 538 2646 membris
561 2585 757 2646 muliebribus
779 2587 859 2646 hunc
880 2586 1026 2647 iaculatur

127 2692 196 2741 1030
215 2693 269 2735 seu
291 2674 398 2735 mulier
420 2680 482 2734 toto
505 2676 617 2734 iactans
640 2692 657 2734 e
681 2692 805 2753 corpore
828 2693 972 2756 amorem,

170 2808 172 2812 -
214 2763 293 2824 unde
317 2763 435 2842 seritur,
459 2780 494 2821 eo
516 2762 625 2842 tendit,
648 2764 796 2840 gestitque
818 2765 898 2822 coire
1087 2786 1137 2826 ross

215 2858 245 2911 ct
267 2853 365 2911 iacere
388 2867 522 2910 umorem
544 2852 576 2910 in
600 2868 708 2928 corpus
731 2850 767 2910 de
791 2868 915 2930 corpore
939 2849 1075 2912 ductum:

215 2957 342 3017 namque
365 2937 544 3016 voluptatem
566 2940 715 3016 praesagit
736 2945 817 2998 muta
840 2938 955 3017 cupido.

128 3042 200 3093 1050
258 3026 337 3086 Haec
354 3026 453 3086 Venus
473 3031 519 3085 est
536 3024 636 3085 nohis:
655 3025 725 3085 hinc
743 3033 870 3086 autemst
885 3045 1003 3086 momen
1017 3031 1137 3109 amoris,

127 3131 196 3180 1085
214 3114 285 3174 hinc
308 3113 400 3173 illaec.
436 3115 566 3192 primum
588 3113 711 3173 Veneris
734 3113 899 3175 dulcedinis
922 3117 954 3174 in
976 3133 1029 3175 cor

216 3200 337 3262 stillavit
359 3207 453 3280 gutta,
477 3209 507 3261 et
530 3204 675 3262 successit
697 3201 804 3280 frigida
827 3221 910 3263 cura:
1086 3227 1138 3267 1oeo

215 3307 284 3349 nam
303 3291 329 3347 si
348 3286 432 3348 abest
451 3288 529 3366 quod
548 3308 625 3370 aves,
643 3297 761 3369 praesto
781 3291 937 3352 simulacra
955 3298 1055 3353 tamen
1071 3302 1139 3355 sunt

215 3376 295 3436 illius
319 3382 349 3434 et
370 3393 478 3435 nomen
502 3376 587 3437 dulce
611 3377 785 3440 obversatur
807 3380 843 3439 ad
867 3382 954 3442 auris.

491 3461 604 3542 [1047]
621 3493 663 3515 =
680 3463 774 3528 1034.
