2484 3800
556 147 584 199 H

135 298 163 351 et
184 309 244 370 quo
267 294 360 352 mixta
381 299 469 371 putes
490 294 583 371 magis
606 311 711 372 aspera
734 292 846 355 levibus
871 313 936 356 esse

134 381 303 461 principiis,
326 380 435 440 undest
457 380 587 459 Neptuni
609 399 717 460 corpus
741 382 892 463 acerbum,

61 474 118 524 46⁶
135 475 180 529 est
201 470 278 528 ratio
302 468 477 529 secernendi
500 487 693 547 seorsumque
716 469 848 550 videndi,
1029 484 1069 525 ers

60 561 120 612 475
133 574 218 617 umor
241 556 350 637 dulcis,
371 556 424 617 ubi
446 575 500 636 per
522 564 618 618 terras
641 556 775 619 crebrius
797 558 877 619 idem
1029 574 1071 614 su

134 644 315 725 percolatur,
337 651 372 706 ut
393 647 425 705 in
448 644 561 706 foveam
583 645 656 717 fluat
678 664 711 705 ac
733 654 932 728 mansuescat3
1029 660 1070 702 eu

62 738 121 789 474
133 733 241 811 linquit
263 735 343 794 enim
366 751 473 811 supera
494 736 583 794 taetri
605 733 767 812 primordia
789 736 858 815 riri,
1030 750 1070 790 uc

63 828 121 878 479
135 840 239 900 aspera
261 839 352 900 quom
374 823 468 900 magis
490 824 522 881 in
544 824 634 882 terris
656 822 829 883 haerescere
852 825 975 901 possint.
1029 839 1069 878 ur

63 915 119 965 4⁷0
136 912 234 970 omnia
256 916 408 989 postremo
431 928 505 988 quae
527 916 637 989 puncto
660 916 792 989 ternpore
816 913 914 971 cernis
1031 927 1070 966 ccc

135 997 293 1078 diffugere,
315 1005 349 1058 ut
371 998 484 1058 sumum
507 997 630 1058 nebulas
652 997 855 1080 dammasque,
878 1007 1041 1081 necessest,

135 1088 161 1146 si
182 1088 283 1146 minus
307 1088 404 1145 omnia
427 1093 498 1146 sunt
520 1105 536 1146 e
559 1085 673 1146 levibus
697 1092 784 1165 atque
807 1088 957 1169 rutundis,

135 1180 164 1235 at
185 1192 247 1234 non
271 1191 337 1234 esse
360 1181 458 1235 tamen
481 1173 631 1253 perplexis
653 1174 837 1255 indupedita,

66 1268 121 1320 460
133 1280 266 1341 pungere
290 1263 336 1321 uti
357 1264 474 1340 possint
496 1280 603 1341 corpus
627 1270 841 1342 penetrareque
865 1282 947 1345 saxa,

67 1357 118 1406 4⁷⁶
135 1368 191 1411 nec
212 1357 314 1411 tamen
331 1350 454 1410 baerere
477 1352 556 1411 inter
579 1367 610 1410 se
635 1350 712 1429 quod
737 1369 862 1430 cumque
885 1352 1018 1414 videmus

561 1457 579 1496 s

136 1525 275 1587 sensibus
298 1544 364 1586 esse
388 1526 502 1607 datum,
523 1526 609 1585 lacile
632 1533 665 1586 ut
688 1544 866 1605 cognoscere
889 1531 987 1606 possis

135 1632 194 1675 non
218 1632 235 1674 e
258 1613 408 1693 perplexis
431 1614 483 1674 sed
507 1617 601 1674 acutis
625 1632 691 1674 esse
715 1614 877 1676 elementis.
1031 1632 1071 1671 coa

562 1723 579 1759 e
842 1712 847 1725 .

179 1789 265 1861 Quod
284 1791 423 1869 quoniam
441 1790 538 1871 docui,
555 1807 675 1869 pergam
697 1799 851 1852 conectere
865 1810 929 1853 rem
944 1812 1018 1873 quae
1031 1807 1071 1848 478

136 1897 172 1940 ex
194 1879 252 1939 boc
275 1879 342 1958 apta
365 1878 452 1940 fidem
476 1878 575 1960 ducat,
597 1878 759 1957 primordia
782 1898 883 1942 rerum

67 1975 118 2025 480
137 1969 220 2028 linita
243 1969 356 2027 variare
380 1968 541 2046 figurarum
563 1969 686 2027 ratione.

136 2056 215 2135 quod
238 2057 265 2115 si
287 2073 348 2115 non
370 2058 411 2115 ita
434 2057 485 2136 sit,
508 2073 627 2116 rursum
649 2057 708 2115 iam
732 2058 843 2116 semina
867 2059 1008 2136 quaedam

136 2163 202 2205 esse
226 2144 342 2204 infinito
366 2142 516 2204 debebunt
537 2145 672 2222 corporis
695 2151 791 2204 auctu.

134 2249 263 2311 namque
286 2234 318 2290 in
340 2231 443 2292 eadem
464 2249 523 2291 una
545 2233 677 2291 cuiusvis
699 2234 758 2292 iam
779 2230 923 2293 brevitate

136 2321 272 2399 corporis
294 2321 373 2380 inter
395 2337 427 2380 se
449 2318 575 2380 multum
596 2321 709 2380 variare
732 2321 843 2398 figurae

65 2417 117 2465 485
135 2427 196 2468 non
219 2415 353 2486 possunt
389 2409 435 2467 lac
457 2410 537 2469 enim
559 2408 691 2467 minimis
714 2427 730 2468 e
753 2406 887 2486 partibus
910 2426 976 2468 esse

135 2514 261 2575 corpora
283 2498 379 2574 prima
400 2494 510 2575 tribus,
532 2494 579 2554 vel
600 2494 688 2575 paulo
710 2494 847 2574 pluribus
870 2514 956 2574 auge:

133 2602 244 2662 nempe
266 2583 319 2644 ubi
341 2601 392 2644 eas
413 2585 506 2662 partis
527 2585 616 2643 unius
639 2585 772 2662 corporis
795 2586 905 2665 omnis,

134 2689 252 2734 summa
274 2678 361 2750 atque
384 2674 442 2731 ima
465 2671 578 2751 locans,
600 2678 802 2733 transmutans
825 2673 945 2733 dextera
968 2671 1071 2753 laevis,

133 2758 315 2821 omnimodis
337 2767 477 2838 expertus
500 2762 573 2838 eris,
596 2777 684 2837 quam
707 2763 832 2839 quisque
856 2761 906 2821 det
928 2760 1000 2821 ordo

1 2862 2 2865 ’
66 2859 115 2909 490
133 2850 244 2910 formai
266 2848 396 2926 speciem
418 2848 510 2908 totius
534 2849 667 2925 corporis
690 2851 769 2930 eius,

134 2936 214 3016 quod
239 2942 376 3014 superest
398 2937 424 2995 si
447 2934 522 2995 forte
546 2934 627 2994 voles
649 2938 762 2996 variare
785 2938 908 3018 figuras,

134 3024 305 3087 addendum
326 3025 419 3102 partis
443 3022 514 3083 alias
537 3024 602 3083 erit.
640 3023 708 3084 inde
729 3031 886 3106 sequetur,

133 3111 265 3175 adsimili
287 3113 400 3171 ratione
424 3111 496 3171 alias
518 3118 551 3171 ut
572 3110 702 3189 postulet
725 3111 810 3192 ordo,

134 3205 218 3264 situ
241 3200 318 3259 lorte
340 3199 421 3259 voles
444 3201 532 3259 etiam
555 3201 668 3258 variare
691 3200 809 3277 figuras.

64 3301 112 3351 495
133 3308 205 3369 ergo
229 3289 390 3348 lormarum
414 3289 572 3346 novitatem
596 3287 729 3365 corporis
752 3305 877 3365 augmen

132 3378 335 3455 subsequitur.
372 3392 462 3454 quare
485 3393 546 3434 non
568 3382 614 3435 est
636 3382 670 3436 ut
692 3374 813 3436 credere
836 3377 932 3454 possis

132 3486 200 3530 esse
224 3465 349 3525 infinitis
372 3463 510 3524 distantia
534 3464 646 3524 semina
670 3463 786 3545 formis,
