2484 3800
544 156 584 212 Ν
1023 154 1066 221 97

70 320 107 370 25
126 310 266 365 naturam
289 321 390 365 rerum
413 322 446 364 ac
469 307 617 383 persentis
640 303 834 385 utilitatemss

69 410 110 461 48
174 392 233 452 Sed
256 394 395 471 quoniam
418 391 505 453 docui
527 400 701 459 cunctarum
722 394 842 454 exordia
865 410 966 454 rerum
1039 410 1068 454 45

129 480 229 559 qualia
251 482 312 540 sint
334 488 365 540 et
387 498 475 558 quam
497 483 586 541 variis
610 481 748 542 distantia
770 482 872 542 lormis

70 586 112 637 50
129 575 237 648 sponte
260 587 314 629 sua
336 568 458 629 volitent
479 576 599 629 aeterno
621 572 734 649 percita
756 576 839 630 motu

130 656 360 735 quoquomodo
383 658 477 735 possit
500 676 548 717 res
571 676 607 717 ex
630 658 676 717 bis
700 676 832 737 quaeque
856 660 964 738 crearl,
1039 678 1068 719 se

69 762 110 810 30
130 751 220 823 atque
242 747 335 805 animi
356 747 494 823 quoniam
517 744 604 806 docui
627 752 731 806 natura
754 746 824 824 quid
847 752 926 805 esset
1040 766 1068 807 ro

72 850 116 901 27
131 840 163 893 et
186 832 293 911 quibus
316 851 333 893 e
356 832 446 893 rebus
469 851 538 893 cum
559 852 683 912 corpore
706 840 822 912 compta
844 836 957 912 vigeret

132 939 226 1000 quove
248 920 336 981 modo
360 921 499 981 distracta
521 921 633 981 rediret
655 924 686 981 in
709 922 792 982 ordia
813 924 921 1002 prima,

131 1027 211 1070 nunc
234 1027 321 1088 agere
344 1011 484 1089 incipiam
505 1008 569 1090 tibi,
592 1010 670 1088 quod
689 1017 840 1070 vementer
863 1010 898 1070 ad
920 1009 973 1069 bas
997 1026 1046 1069 res

74 1115 114 1165 30
131 1099 249 1179 attinet,
272 1115 339 1158 esse
363 1115 396 1157 ea
419 1115 493 1176 quae
516 1115 617 1157 rerum
640 1098 795 1158 simulacra
817 1115 967 1158 vocamus:
1040 1120 1068 1160 eo

72 1203 111 1253 35
132 1204 221 1266 quae,
245 1188 330 1265 quasi
350 1186 538 1246 membranae
561 1204 676 1245 summo
700 1186 735 1246 de
758 1203 882 1265 corpore
905 1204 1005 1246 rerum

132 1274 285 1354 dereptae,
308 1273 429 1333 volitant
450 1273 587 1351 ultroque
611 1276 744 1352 citroque
766 1292 820 1352 per
842 1292 940 1354 auras,

132 1369 221 1441 atque
243 1362 347 1422 eadem
369 1361 456 1422 nobis
477 1360 666 1440 vigilantibus
689 1362 773 1422 obvia
795 1368 910 1421 mentes

131 1451 297 1511 terrificant
319 1456 406 1528 atque
428 1452 460 1509 in
483 1451 607 1530 somnis,
630 1467 698 1510 cum
721 1468 808 1529 saepe
830 1450 939 1528 figuras

74 1554 114 1605 35
133 1540 302 1599 contuimur
324 1540 415 1598 miras
437 1536 652 1616 simulacraque
674 1537 739 1598 luce
763 1546 928 1618 carentum,
1041 1559 1068 1600 es

73 1644 113 1691 40
134 1645 210 1705 quae
232 1644 287 1687 nos
309 1626 447 1686 horrifice
469 1625 636 1704 languentis
660 1644 747 1705 saepe
771 1644 876 1704 sopore

133 1717 300 1795 excierunt3
323 1732 361 1774 ne
383 1714 458 1774 lorte
481 1716 592 1774 animas
614 1714 781 1775 Acherunte
804 1732 922 1775 reamur

132 1803 263 1881 effugere
286 1809 336 1862 aut
358 1801 478 1862 umbras
500 1804 579 1862 inter
601 1804 681 1861 rivos
705 1802 840 1884 volitare,

132 1910 208 1952 uere
230 1890 341 1969 aliquid
363 1892 460 1951 nostri
480 1896 548 1970 post
569 1897 696 1950 mortem
717 1909 805 1969 posse
828 1890 969 1971 relinqui,

75 1997 115 2046 40
133 1998 203 2040 cum
225 1997 333 2057 corpus
356 1977 444 2039 simul
466 1985 553 2058 atque
577 1980 669 2039 animi
690 1985 794 2039 natura
815 1986 967 2057 perempta
1041 2001 1070 2042 45

75 2084 114 2132 45
133 2069 167 2126 in
189 2085 243 2127 sua
265 2067 429 2128 discessum
452 2066 589 2127 dederint
609 2066 770 2145 primordia
794 2085 935 2146 quaeque.

557 2172 576 2213 *

60 2260 119 2309 125
133 2245 207 2322 quin
228 2245 328 2321 potius
350 2261 455 2303 noscas
478 2260 579 2304 rerum
601 2240 757 2302 simulacra
778 2244 878 2320 vagari
1030 2265 1069 2304 m

59 2347 120 2397 126
131 2330 225 2391 multa
248 2331 343 2391 modis
365 2330 466 2391 multis
488 2330 568 2391 nulla
590 2333 620 2390 vi
642 2348 782 2408 cassaque
806 2346 904 2390 sensu.
1030 2351 1070 2392 ne

77 2435 117 2486 42
177 2417 249 2479 Dico
271 2421 362 2497 igitur
383 2436 484 2478 rerum
507 2419 619 2497 effigias
641 2420 798 2497 tenuisque
821 2419 929 2496 figuras
1042 2441 1071 2479 42

133 2508 247 2566 mittier
269 2506 305 2566 ab
328 2505 430 2587 rebus,
453 2524 568 2567 summo
591 2506 628 2566 de
651 2525 774 2586 corpore
796 2524 909 2586 rerum;
1043 2529 1071 2568 45

77 2610 115 2660 50
133 2589 143 2677 ΙΙ
157 2613 233 2682 quae
256 2596 341 2673 quasi
361 2593 549 2655 membranae
572 2594 618 2654 vel
641 2603 742 2655 cortex
763 2593 1005 2672 nominitandast‚
1043 2615 1071 2655 ar

78 2699 116 2749 45
133 2682 214 2762 quod
236 2685 364 2761 speciem
388 2701 422 2742 ao
445 2682 568 2742 lormam
590 2682 717 2743 similem
740 2685 816 2761 gerit
837 2685 902 2743 eius
925 2683 1034 2762 imago,

134 2772 348 2849 cuiuscumque
371 2769 450 2830 cluet
472 2770 508 2830 de
531 2789 655 2850 corpore
678 2771 743 2832 fusa
766 2767 900 2849 vagarifl
1044 2791 1071 2832 55

77 2875 116 2925 47
133 2858 165 2919 id
187 2857 258 2918 licet
278 2858 348 2918 binc
371 2861 504 2936 quamvis
526 2857 627 2919 hebeti
649 2876 828 2937 cognoscere
851 2857 948 2918 eorde.
1043 2881 1072 2919 44

131 2948 280 3026 principio
303 2948 442 3025 quoniam
463 2948 585 3006 mittunt
607 2949 639 3006 in
660 2945 750 3006 rebus
773 2947 883 3024 apertis
1045 2967 1073 3007 54

77 3052 114 3101 55
133 3052 259 3113 corpora
281 3052 331 3094 res
352 3033 474 3115 multae,
495 3037 603 3113 partim
627 3034 731 3094 diffusa
754 3033 864 3114 solute,
1044 3054 1073 3096 55

133 3123 241 3183 robora
264 3140 319 3183 ceu
341 3123 456 3182 lumum
477 3125 598 3183 mittunt
619 3124 762 3201 ignesque
785 3140 936 3203 vaporem,

77 3227 116 3278 55
133 3218 163 3270 et
185 3212 295 3289 partim
317 3216 454 3270 contexta
475 3213 568 3289 magis
591 3210 812 3290 condensaque,
834 3217 867 3270 ut
890 3209 960 3270 olim

134 3317 203 3360 cum
225 3300 330 3358 teretis
352 3304 466 3377 ponunt
488 3301 603 3358 tunicas
626 3305 736 3358 aestate
759 3298 891 3378 cicadae,

133 3394 163 3448 et
186 3386 271 3447 vituli
294 3405 361 3447 cnm
384 3385 568 3447 membranas
592 3386 628 3446 de
652 3403 775 3466 corpore
799 3404 914 3448 summo

413 3470 468 3552 [49
488 3473 545 3554 sq]
561 3501 602 3523 =
617 3471 659 3536 33
680 3493 722 3554 sq.

111 3588 258 3628 Lucet-rma
274 3585 309 3627 sd.
322 3585 449 3635 Brieger.
845 3581 860 3629 7
