2484 3800
157 139 200 203 26
653 139 667 193 Ι

229 304 297 347 cum
321 286 428 364 quibus
451 293 481 347 et
504 285 584 364 quali
605 288 740 366 positura
763 288 970 347 contineantur

158 381 213 432 910
230 381 260 434 et
282 392 357 451 quos
380 377 459 434 inter
481 392 513 435 se
537 374 608 435 dent
629 381 728 435 motus
751 376 968 454 accipiantque,
1126 386 1173 426 010

159 468 318 540 acuatque
342 463 444 524 eadem
466 462 553 541 paulo
576 464 654 523 inter
677 480 709 523 00
732 469 843 523 mutata
865 478 967 523 creare

229 552 313 628 ignes
336 557 366 611 et
388 547 522 629 lignum?
557 569 615 630 quo
637 558 722 630 pacto
745 550 834 611 verba
857 568 974 630 quoque
998 552 1060 630 ipsa

229 640 308 698 inter
331 657 362 699 se
385 638 472 718 paulo
493 640 616 699 mutatis
639 646 708 699 sunt
731 637 898 719 elementis,

232 744 298 786 cum
321 726 401 805 ligna
423 734 510 805 atquc
533 729 617 805 ignes
640 727 778 788 distincta
800 744 871 787 voce
893 733 1038 787 notamus.

159 819 214 870 915
230 814 358 893 donique
381 817 441 875 iam
463 831 538 894 quae
562 832 688 893 cumque
713 816 744 874 in
767 814 856 875 rebus
879 817 978 875 cernis
1001 815 1109 895 apertis
1127 825 1171 867 00

160 908 212 957 910
232 905 258 963 si
280 904 346 963 11001
367 921 427 963 000
450 921 538 982 posse
560 910 661 984 putas,
684 905 755 982 quin
778 904 912 963 materiai

232 1009 356 1071 corpora
379 991 526 1052 consimili
548 999 653 1052 natura
674 990 807 1070 praedita
829 992 936 1071 fingaS,

231 1079 286 1139 hac
308 1082 422 1140 ratione
444 1079 499 1140 tibi
521 1086 649 1159 pereunt
670 1080 833 1158 primordia
855 1097 969 1139 rerum:

232 1167 283 1228 1101
305 1170 349 1227 011
370 1170 435 1229 0100
456 1167 583 1228 tremulo
606 1186 750 1229 concussa
772 1167 948 1227 cachinnent

161 1260 219 1312 920
233 1262 263 1315 et
284 1254 415 1316 lacrimis
434 1256 520 1316 salsis
542 1263 693 1316 umectent
716 1273 768 1315 ora
790 1274 946 1334 genasque.
1127 1269 1169 1309 900
1237 1278 1238 1305 ³

161 1350 213 1400 915
276 1342 361 1404 Nrmc
383 1362 446 1424 age,
469 1344 547 1424 quod
570 1362 661 1423 super
683 1350 729 1404 cst
750 1362 895 1423 cognosce
914 1352 943 1404 ct
962 1343 1071 1405 clarius
1090 1343 1167 1405 audi
1237 1358 1238 1425 1

472 1457 477 1468 =
655 1448 673 1489 0

231 1537 287 1579 000
309 1536 358 1578 me
380 1519 472 1578 animi
493 1515 568 1577 fallit
589 1536 678 1595 quam
700 1520 761 1579 sint
783 1519 921 1580 obscura:
945 1518 997 1579 sed
1021 1520 1084 1580 acri

232 1608 381 1684 percussit
402 1605 503 1684 thyrso
526 1604 621 1665 laudis
645 1623 713 1686 spos
735 1624 840 1686 magna
862 1625 962 1668 meum
985 1625 1037 1667 cor

233 1701 264 1755 ct
286 1693 374 1754 simul
396 1695 522 1753 incussit
544 1711 663 1754 suavem
685 1696 727 1754 mi
749 1697 781 1756 in
803 1702 907 1775 pectus
930 1712 1061 1756 amorem

162 1788 217 1840 925
233 1799 397 1861 musarum
421 1798 479 1859 quo
501 1798 581 1841 nunc
602 1782 762 1843 instinctus
783 1790 883 1843 menta
905 1786 1016 1863 vigenti
1129 1796 1168 1839 000
1237 1800 1238 1809 ’

164 1877 216 1927 910
234 1872 297 1932 0010
319 1869 471 1931 Pieridum
491 1887 617 1949 peragro
641 1869 704 1931 loca
725 1870 835 1932 nullius
859 1878 927 1933 anto¹

233 1961 303 2019 trita
325 1957 397 2018 solo.
433 1959 515 2018 iuvat
535 1959 667 2038 integros
690 1960 830 2020 accedere
853 1960 943 2021 fontis

234 2056 322 2127 atque
344 2048 477 2127 haurire,
499 2049 637 2125 iuvatque
659 2065 751 2108 novos
774 2047 934 2128 decerpere
956 2048 1045 2110 110000

233 2137 438 2213 insignemque
460 2152 528 2195 meo
551 2137 642 2214 capiti
663 2143 764 2215 petere
787 2135 856 2196 inde
880 2144 1051 2220 coronam,

163 2229 219 2282 930
234 2223 313 2284 unde
335 2225 419 2303 prius
442 2222 516 2284 nulli
537 2223 662 2283 velarint
683 2229 816 2302 tempora
838 2242 954 2306 musac3
1127 2240 1166 2280 000

164 2320 215 2370 910
234 2315 363 2392 primum
386 2311 464 2390 quod
486 2314 601 2389 magnis
624 2311 715 2372 doceo
738 2311 888 2373 derebus
911 2314 1035 2373 0100110

233 2400 410 2480 religionum
432 2400 563 2461 animum
585 2399 672 2460 nodis
695 2400 846 2460 exsolvere
868 2417 972 2480 pergo,

234 2489 341 2549 deinde
366 2488 443 2566 quod
467 2486 593 2548 obscura
615 2487 653 2548 do
675 2505 708 2547 00
730 2494 790 2548 tam
812 2487 909 2549 lucida
931 2506 1027 2568 pango
1237 2493 1238 2570 t

234 2579 377 2657 carmina,
399 2591 519 2636 musaeo
542 2578 716 2654 contingens
739 2583 844 2636 cuncta
866 2576 974 2656 lepore.

164 2669 218 2721 935
235 2665 264 2725 id
288 2682 405 2743 quoquo
427 2666 508 2724 enim
529 2682 590 2725 non
612 2662 648 2723 ab
671 2662 751 2723 nulla
773 2667 887 2724 ratione
909 2663 1039 2724 videtur:
1127 2678 1162 2720 aas

164 2758 216 2808 930
235 2752 287 2814 sed
309 2752 401 2812 veluti
422 2753 524 2831 pueris
546 2751 692 2812 absinthia
714 2758 808 2812 taetra
829 2752 983 2813 medentes

235 2859 302 2901 cum
325 2839 395 2900 dare
418 2846 574 2921 conantur,
596 2842 680 2918 prius
703 2858 784 2920 oras,
805 2839 910 2919 pocula
932 2842 1058 2920 circum,

235 2930 410 3006 contingunt
430 2927 528 2988 mellis
550 2927 630 2989 dulci
652 2927 784 3006 flavoque
807 2928 935 3009 liquore,
1000 2973 1001 2976 ,

235 3023 268 3077 01
290 3034 451 3096 puerorum
474 3024 554 3077 aetas
576 3015 730 3095 inprovida
752 3014 921 3077 ludificetur
992 3026 995 3030 '

164 3109 220 3161 940
234 3104 384 3165 labrorum
407 3111 506 3185 tenus,
531 3107 645 3165 interea
667 3110 803 3183 perpotet
825 3121 956 3165 amarum
1124 3118 1160 3158 040

166 3197 217 3248 030
236 3192 516 3275 absinthilaticem,
540 3192 721 3273 deceptaque
743 3209 803 3254 non
826 3195 971 3272 capiatur,

236 3283 288 3344 scd
311 3283 410 3362 potius
432 3280 484 3342 tali
506 3290 591 3362 pacto
614 3289 747 3344 recreata
770 3281 910 3363 valescat,

235 3375 279 3434 sic
302 3389 356 3452 ego
380 3389 472 3453 nunc,
500 3374 639 3450 quoniam
664 3373 736 3432 haec
759 3373 834 3432 ratio
856 3370 1031 3451 plenamque
1054 3369 1161 3432 videtur

234 3464 350 3523 tristior
372 3479 439 3522 esse
462 3461 570 3538 quibus
591 3479 653 3522 non
677 3469 722 3522 est
743 3466 879 3542 tractata,
902 3467 1041 3540 retroque
