2484 3800
180 150 245 216 116
404 208 408 216 ,
667 147 707 201 Ν

251 297 385 375 corporis
407 294 480 353 haec
501 296 640 372 quoniam
661 300 818 373 penetrant
839 311 894 371 per
912 312 980 354 rara
998 296 1133 373 cientque
1149 316 1184 356 reo

251 392 368 445 tenvem
391 383 483 442 animi
504 390 640 442 naturam
662 384 742 442 intus
765 400 944 460 sensumque
968 380 1125 442 lacessunt

182 490 237 540 730
253 472 415 533 Centauros
438 473 537 548 itaque
560 477 590 530 et
612 470 775 549 Scyllarum
798 468 930 530 membra
952 470 1085 531 videmus

183 577 234 627 ’115
253 559 474 637 Cerbereasque
498 576 602 618 canum
627 559 716 619 facies
740 558 955 637 simulacraque
978 576 1083 619 eorum

254 666 379 728 quorum
400 654 496 706 morte
519 645 598 707 obita
620 646 708 707 tellus
732 646 918 725 amplectitur
941 664 1021 729 ossa3

255 755 342 797 omne
365 752 457 814 genus
481 736 619 813 quoniam
641 736 752 813 passim
775 733 931 795 simulacra
954 735 1104 814 teruntur,
1149 754 1186 796 rso

254 827 362 905 partim
385 830 489 902 sponte
513 841 565 882 sua
588 841 663 901 quae
686 823 761 884 fiunt
783 828 851 883 aere
874 824 1007 902 inipso,

184 929 240 981 735
253 915 362 993 partim
385 930 460 991 quae
482 913 571 970 variis
594 910 630 970 ab
653 910 743 971 rebus
766 928 891 989 cumque
913 911 1070 991 recedunt,

185 1019 237 1069 720
256 1008 286 1062 ct
308 1019 382 1080 quae
405 1000 536 1059 confiunt
558 1018 594 1058 ex
616 999 723 1058 horum
746 999 822 1059 lacta
844 999 955 1077 liguris.

255 1108 323 1150 nam
346 1095 426 1149 certe
449 1106 485 1147 ex
507 1089 572 1146 vivo
595 1085 735 1147 Centauri
757 1104 816 1146 non
840 1088 873 1146 tit
894 1089 1004 1167 imago,

256 1177 335 1239 nulla
358 1177 413 1237 luit
436 1177 573 1254 quoniam
596 1174 663 1234 talis
687 1182 790 1235 natura
813 1174 959 1235 animalis:
1150 1197 1187 1236 reo

255 1284 358 1326 verum
380 1263 432 1325 ubi
454 1266 524 1342 equi
546 1270 634 1341 atque
656 1263 785 1323 hominis
807 1281 878 1323 cas-u
901 1265 1039 1323 convenit
1061 1265 1169 1343 imago,

187 1372 240 1423 740
255 1354 403 1414 haerescit
425 1351 509 1412 facilc
532 1350 692 1432 extemplo,
716 1351 794 1430 quod
818 1351 946 1411 diximus
969 1358 1050 1432 ante,

188 1458 237 1508 rao
256 1448 378 1522 propter
400 1439 537 1501 subtilem
560 1447 696 1499 naturam
718 1447 748 1499 et
770 1442 867 1499 tenvia
890 1446 978 1500 texta.

257 1538 356 1590 cetera
378 1528 414 1588 de
438 1546 545 1606 genere
568 1528 624 1588 hoc
648 1527 750 1587 eadem
773 1530 886 1588 ratione
909 1534 1056 1588 creantur.

258 1636 333 1697 quae
355 1635 423 1677 cum
444 1616 593 1675 mobiliter
615 1633 730 1675 summa
751 1615 868 1677 levitate
891 1616 1041 1696 teruntur,
1154 1638 1188 1678 us

257 1712 290 1765 ut
312 1707 396 1783 prius
419 1704 548 1784 ostendi,
571 1703 655 1764 lacile
678 1722 738 1764 uno
761 1710 924 1764 commovet
946 1705 1009 1764 ictu

188 1810 242 1861 745
259 1792 406 1871 quaelibet
427 1810 486 1852 una
508 1794 639 1852 animum
661 1791 746 1852 nohis
770 1792 886 1853 subtilis
909 1794 1018 1871 imago:

190 1898 240 1949 730
258 1882 354 1942 tenvis
377 1881 457 1941 enim
479 1898 563 1941 mens
587 1887 632 1941 est
654 1886 684 1940 et
706 1882 781 1941 mire
804 1880 921 1941 mobilis
944 1882 1016 1960 ipsa.

302 1968 381 2030 llaec
400 1970 466 2029 lieri
484 1977 518 2029 ut
534 1987 675 2049 memoro,
694 1969 778 2029 facile
796 1969 866 2029 hinc
885 1987 1064 2047 cognoscere
1083 1973 1191 2050 possis:

259 2065 404 2137 quatenus
426 2057 482 2118 hoc
505 2056 630 2117 similest
652 2056 708 2138 illi,
731 2057 809 2136 quod
832 2065 930 2119 mente
953 2057 1089 2118 videmus
1157 2083 1192 2122 aso

258 2154 346 2226 atque
369 2145 474 2225 oculis,
498 2144 587 2205 simili
610 2146 676 2204 fieri
699 2148 811 2205 ratione
834 2153 995 2206 necessest.

189 2251 244 2302 750
259 2253 338 2296 nunc
361 2236 452 2312 igitur
475 2235 613 2312 quoniam
637 2233 724 2293 docui
746 2251 793 2293 me
817 2234 892 2294 forte
914 2233 1031 2293 leonem

684 2341 701 2379 ιιι

190 2427 240 2476 tas
260 2428 382 2471 cernere
410 2428 465 2488 per
489 2408 657 2490 simulacra,
686 2409 785 2470 oculos
809 2427 1010 2489 quaecumque
1033 2410 1195 2493 lacessunt,

260 2501 337 2559 scire
359 2497 429 2559 licet
450 2505 580 2557 mentem
603 2497 694 2557 simili
716 2501 829 2558 ratione
851 2501 976 2579 moveri,

259 2604 314 2665 per
336 2584 493 2646 simulacra
515 2585 632 2646 leonem
655 2593 685 2646 et
707 2593 805 2646 cetera
828 2603 902 2664 quae
925 2587 1005 2646 videt
1027 2605 1122 2668 aeque
1159 2612 1195 2652 ass

260 2693 316 2734 nec
337 2676 435 2734 minus
458 2681 545 2753 atque
569 2674 656 2754 oculi,
681 2676 740 2734 nisi
762 2674 840 2754 qnod
863 2693 946 2754 mage
970 2679 1069 2736 tenvia
1093 2680 1195 2738 cernit.

191 2779 245 2830 755
261 2780 316 2823 nec
339 2764 452 2823 ratione
475 2761 544 2842 alia,
568 2780 634 2822 cum
659 2780 779 2822 somnus
802 2762 934 2823 membra
955 2764 1101 2846 proludit,

192 2867 243 2916 tto
261 2869 346 2910 mens
368 2852 459 2910 animi
481 2849 594 2931 vigilat,
616 2853 677 2910 nisi
699 2851 776 2929 quod
801 2851 956 2912 simulacra
978 2851 1128 2914 lacessunt

261 2939 334 2999 haec
356 2938 459 2998 eadem
481 2945 599 2999 nostros
622 2941 735 2999 animos
759 2957 832 3018 quae
856 2957 923 3000 cum
945 2939 1115 3023 vigilamuS‚

262 3045 356 3105 usque
379 3026 461 3107 adeo,
484 3033 619 3087 certent
642 3027 793 3088 videamur
816 3046 939 3088 cernere
962 3046 1030 3089 eum
1055 3049 1144 3109 quem
1160 3056 1198 3095 rao

262 3114 375 3175 rellicta
397 3116 456 3174 rita
479 3116 537 3174 iam
559 3133 640 3175 mors
663 3123 693 3175 et
714 3122 794 3175 terra
815 3119 944 3194 potitast.

192 3219 247 3269 760
260 3202 316 3262 hoc
339 3203 405 3262 ideo
429 3203 494 3262 fieri
518 3205 596 3281 cogit
617 3211 734 3284 natura,
757 3204 835 3283 quod
858 3223 960 3266 omnes

192 3305 244 3354 745
264 3291 397 3369 corporis
420 3291 518 3350 olleoti
541 3309 646 3352 sensus
668 3311 721 3372 per
743 3292 876 3354 membra
899 3295 1056 3372 quiescunt

263 3395 319 3438 nec
340 3384 466 3456 possunt
487 3378 592 3439 falsum
614 3384 693 3441 veris
717 3383 891 3442 convincere
914 3381 1012 3444 rebus,

263 3471 415 3544 praeterea
438 3469 607 3528 meminisse
631 3471 706 3530 iacet
728 3470 905 3550 languetque
928 3488 1047 3552 sopore,
1161 3496 1200 3537 ace
