2484 3800
474 157 756 216 PROLEGOMENA.
1022 161 1122 214 LXXV

93 299 304 364 institui...
327 321 453 366 nurum
473 308 642 387 uenwsum3
665 325 769 368 navem
789 308 951 386 significari
973 307 1035 369 vult
1051 326 1121 368 ven·

95 393 145 452 tis
179 393 330 474 agitatam,
361 392 439 472 quod
463 401 496 454 ut
523 413 540 454 a
562 393 732 456 Lucretiani
760 382 906 457 sermonis
934 396 1121 476 simplicitate

97 479 285 558 longissime
309 488 457 541 remotum
479 484 520 543 ita
543 484 633 542 etiam
650 501 705 562 per
723 501 755 544 se
774 501 867 562 paene
885 484 1047 546 absurdum
1066 489 1120 545 est

97 575 213 628 cetera
236 571 413 630 existimarit
434 572 476 630 ita
500 573 610 649 scripta
633 578 713 631 certe
737 570 875 632 Lucretio
898 573 986 651 digna
1008 591 1121 634 esse..

97 657 134 717 et
155 658 277 718 certent
290 653 476 737 pluupeutt'e
492 655 628 736 0111110111
644 675 786 720 rursum:
808 659 1029 739 poposcerint,
1046 658 1122 737 siue,

94 741 232 823 planato
253 762 398 808 mnaerso
417 744 531 826 fenora.
570 755 601 807 et
622 747 679 808 hoc
699 745 806 827 furore
830 749 950 826 quidem
973 757 1067 810 recte:
1089 752 1122 809 in

99 834 318 894 ceterisnihil
337 837 402 895 sani
421 842 474 897 est.
502 834 589 896 Bern.
609 854 626 895 a
649 835 717 896 lusu
739 837 852 914 ingenii
875 836 1026 897 abstinens
1049 837 1122 898 duas

99 923 249 1000 cognorit
275 922 408 1004 lacunas,
435 930 501 1002 post
531 940 657 984 currente
684 931 715 985 et
736 932 803 1003 post
824 941 951 986 mersum
973 928 1054 986 sitas.
1091 928 1123 985 in

100 1029 131 1070 v.
148 1005 196 1071 48
220 1017 270 1071 aut
292 1012 328 1072 ui
349 1017 400 1072 aut
417 1008 439 1092 †
456 1030 567 1091 ponere
586 1011 720 1072 debebat
756 1012 861 1073 Munro
881 1012 1008 1090 denique
1027 1031 1121 1092 usque

102 1098 146 1158 ad
176 1100 334 1160 uentorum
361 1107 456 1181 recte,
487 1108 585 1161 cetera
612 1099 739 1160 absurde
767 1102 825 1161 sic:
856 1118 893 1162 ec
919 1099 971 1161 iro
996 1102 1033 1161 ut
1051 1097 1122 1179 plu

102 1189 229 1261 censu,
260 1188 297 1248 ul
321 1181 473 1271 omiue(l)
504 1205 631 1249 rursum
661 1205 740 1266 quoe
764 1186 884 1268 fuerint
913 1187 979 1250 siut
997 1185 1123 1267 placato

103 1292 258 1336 conversa
268 1274 382 1355 fertore.
405 1276 535 1338 idemne
552 1276 583 1336 id
599 1276 718 1356 quidem
732 1276 815 1357 vidit,
830 1279 928 1338 cetera
941 1295 1000 1339 non
1013 1276 1123 1338 habere

106 1381 172 1443 quo
195 1364 366 1426 referretur.
387 1363 599 1426 —Lucretius
622 1366 655 1424 in
677 1367 829 1444 prooemio
852 1365 870 1425 l.
891 1364 929 1424 Vl
951 1368 1069 1444 aurigae
1090 1367 1123 1425 in

105 1451 261 1513 curriculo
290 1451 429 1514 coronam
455 1455 568 1533 petenti
600 1471 633 1514 se
661 1461 810 1533 comparat
836 1453 972 1515 versibus
1000 1451 1044 1515 90
1058 1472 1122 1533 sqq.

106 1541 248 1602 eiusdem
283 1543 345 1602 sire
382 1543 608 1621 comparationis
644 1543 706 1602 sire
737 1541 940 1603 similitudinis
971 1543 1027 1604 hec
1058 1542 1123 1603 loco

106 1629 255 1690 habemus
291 1631 422 1710 initium,
457 1648 576 1692 versum
606 1626 660 1690 47.
716 1648 825 1691 norum
858 1631 964 1692 deinde
1001 1630 1123 1692 alterius

108 1720 207 1798 partis
233 1720 380 1797 prooemii
406 1720 527 1797 scripsit
552 1719 684 1799 initium,
711 1721 820 1779 iterum
843 1737 880 1779 ex
902 1718 962 1780 illis
985 1725 1123 1798 quattuor

108 1806 158 1866 vel
176 1808 277 1886 potius
296 1808 426 1885 quinque
444 1806 580 1866 versibus
593 1802 725 1869 43—46
745 1825 876 1867 exorsus.
909 1807 988 1886 quod
1006 1809 1124 1867 initium

109 1895 245 1957 lacerum
269 1894 305 1955 ad
328 1913 382 1957 nos
405 1896 547 1974 pervenit.
566 1928 608 1938 —
629 1890 685 1971 [56
705 1893 762 1973 sq.]
779 1922 820 1945 ε
836 1891 879 1956 90
897 1914 939 1974 sq.
963 1895 1123 1957 Bentleius.

109 2018 155 2027 -—
181 1980 225 2046 64
246 1981 372 2047 ratione
393 1982 483 2044 Goeb.
505 1981 604 2062 philol.
627 1982 677 2043 XV
699 1979 774 2045 405.
814 1981 932 2045 rationi
954 1983 1027 2064 00.,
1050 2003 1124 2063 quos

108 2074 162 2133 hic
180 2071 243 2133 lm.
261 2071 293 2132 B.
312 2072 364 2132 llr.
388 2073 476 2133 nimis
499 2071 637 2150 religiose
661 2078 834 2150 sequuntur.
854 2105 895 2113 —
916 2069 956 2134 81
980 2074 1026 2133 est
1043 2070 1124 2133 rata'o

108 2157 386 2238 caeterumque
402 2158 563 2237 pecuda
585 2178 609 2219 e.
629 2162 648 2219 i.
670 2157 826 2221 reddenda
847 2178 873 2220 v.
896 2159 952 2219 lex.
977 2157 1125 2238 nubisque

110 2251 185 2311 dum
214 2248 284 2327 quid
312 2248 418 2309 melius
446 2250 626 2309 inveniatur:
656 2244 807 2325 realesque
833 2244 962 2309 &nendo
990 2246 1048 2317 00.

107 2334 254 2419 fulpeuda'
279 2334 383 2415 vasque
405 2334 534 2397 tonouda'
561 2335 656 2396 Lm.B.
683 2334 765 2397 ratio
791 2332 868 2396 caeli
888 2332 1057 2415 speciesque
1085 2336 1125 2395 te-

109 2424 218 2489 rrenda
239 2424 306 2506 Mu,
333 2444 351 2485 a
372 2426 504 2487 naturae
525 2421 635 2505 specio
656 2423 670 2484 l
695 2420 771 2505 142,
800 2441 861 2483 non
883 2422 1031 2483 intellecta
1057 2441 1123 2502 pro-

111 2517 223 2595 iectus,
263 2531 359 2592 neque
403 2513 474 2592 quid
517 2515 557 2573 sit
594 2510 747 2574 rationem
788 2513 885 2573 tenere
925 2528 1040 2571 curans.
1082 2544 1124 2553 -

112 2602 158 2667 83
185 2602 244 2681 qut
268 2599 485 2682 stantum,
519 2601 549 2661 id
577 2603 658 2662 enim
684 2608 752 2661 ante
785 2602 883 2660 omnia
909 2601 1019 2677 agitur:
1050 2596 1127 2678 quali

108 2690 236 2773 faciunt
265 2689 324 2761 00.
356 2690 422 2750 edd.
450 2722 492 2731 -·
520 2685 652 2751 85-89
683 2688 745 2749 Lm.
776 2688 808 2749 B.
841 2687 1010 2768 secludunt,
1047 2687 1124 2767 quod

111 2779 251 2841 versibus
274 2775 325 2859 90,
345 2776 386 2840 91
411 2776 604 2855 sequentibus
624 2779 765 2837 orationis
784 2775 918 2837 ordinem
936 2776 1124 2855 perturbent:

1 2886 3 2893 ’
111 2868 195 2949 quod
226 2868 292 2927 lieri
323 2884 407 2944 nego.
456 2864 545 2925 modo
574 2873 655 2926 recte
682 2866 809 2944 accipias
836 2867 1021 2925 enuntiatum
1050 2864 1124 2925 rela-

111 2960 221 3036 tivum,
252 2957 294 3015 ita
325 2954 464 3014 videlicet
489 2961 523 3014 ut
549 2960 646 3013 vertas
674 2950 768 3013 ‘diese
795 2960 941 3032 vergange
968 2950 1127 3014 verstehen

113 3046 163 3105 die
185 3044 265 3105 leute
287 3038 389 3103 nicht’.
408 3075 451 3085 —
469 3042 499 3103 et
520 3036 638 3119 lapides
659 3042 690 3103 et
710 3039 800 3121 liqna
822 3041 886 3102 Ver.
905 3041 1005 3102 chet.
1024 3043 1124 3102 Arent

111 3133 213 3193 Purm.
237 3149 303 3192 ann.
327 3130 427 3210 philol.
454 3127 537 3192 1877
560 3148 588 3207 p.
607 3127 649 3191 28
668 3129 734 3189 Mu:
762 3128 960 3209 1110911110.
988 3147 1026 3191 ae
1049 3128 1126 3208 pue

113 3222 147 3293 Q.
166 3218 344 3299 0911111011.
358 3220 390 3289 0.
405 3217 518 3279 Marull.
532 3216 628 3277 Lm.B.
649 3217 685 3277 ad
704 3236 767 3277 rem
785 3218 870 3297 male,
889 3218 960 3295 quid
979 3220 1058 3279 enim
1076 3217 1125 3276 hic

112 3310 263 3389 lignorum
289 3308 434 3368 iormam
458 3302 617 3367 curamus?
646 3312 675 3365 et
701 3304 908 3366 allitteratione
936 3305 1058 3366 sublata.
1082 3338 1125 3347 —-

111 3392 122 3479 ll
142 3392 315 3459 100-107
334 3392 345 3476 ΙΙ
388 3394 538 3472 Kanneng.
578 3393 649 3453 diss.
683 3411 752 3453 nam
788 3392 825 3454 de
861 3393 984 3453 nubium
1020 3399 1125 3452 natura

113 3492 202 3566 poeta
214 3504 258 3546 vv,
272 3480 339 3545 444
352 3501 415 3563 sqq.
430 3485 497 3562 agit
513 3514 555 3524 —
571 3478 635 3544 103
648 3487 716 3544 arat
728 3480 805 3541 Flor.
821 3479 862 3542 31
877 3480 931 3541 llr.
945 3479 999 3542 uei
1012 3480 1070 3551 00.
1085 3477 1125 3541 ab
