2484 3800
168 156 211 219 34
652 156 678 209 Π

168 310 201 360 60
220 320 279 363 non
301 302 377 362 radii
400 301 471 361 solis
493 320 589 381 neque
612 302 710 363 lucida
732 301 791 365 tela
813 302 873 362 diei

220 390 391 470 discutiant,
414 390 466 449 sed
489 398 609 451 naturae
634 392 748 469 species
771 393 913 469 ratioque.

264 477 349 538 Nunc
372 495 438 558 age,
461 496 519 557 quo
541 486 624 539 motu
647 478 784 556 genitalia
806 479 941 539 materiai

221 583 344 644 corpora
366 584 415 626 res
437 568 533 626 varias
555 569 677 645 gignant
698 569 870 646 genitasque
892 565 1053 646 resolvant,
1109 611 1113 615 -

221 661 250 714 et
273 671 330 732 qua
352 656 381 713 vi
404 654 498 714 tacere
522 653 551 714 id
576 661 730 736 cogantur,
753 672 885 734 quaeque
909 657 948 715 sit
971 654 1035 717 ollis

168 750 202 799 65
220 742 334 801 reddita
356 741 504 802 mobilitas
526 760 665 821 magnum
687 761 741 822 per
764 745 850 803 inane
874 742 1004 823 meandi,

220 830 387 908 expediam:
410 837 443 891 tu
465 837 494 890 te
518 830 605 891 dictis
628 830 770 910 praebere
792 838 949 891 memento.

220 936 287 977 nam
310 925 390 979 certe
413 936 473 978 non
495 920 573 978 inter
595 937 628 978 se
651 922 756 998 stipata
780 919 916 980 cohaeret

219 1007 371 1088 materies,
395 1007 534 1085 quoniam
555 1008 651 1067 minui
673 1025 737 1067 rem
760 1025 904 1086 quamque
927 1006 1074 1087 ridemus,

220 1101 250 1154 et
272 1097 357 1173 quasi
379 1093 538 1173 longinquo
561 1094 654 1155 fluere
677 1097 774 1155 omnia
798 1097 946 1155 cernimus
968 1113 1056 1167 aevo,

169 1190 202 1240 ro
220 1200 256 1242 ex
280 1182 431 1261 oculisque
454 1189 630 1243 vetustatem
654 1183 818 1244 subducere
841 1184 964 1262 nostris,

220 1288 288 1330 cum
309 1277 408 1330 tamen
430 1270 587 1331 incolumis
609 1271 743 1331 rideatur
766 1289 879 1332 summa
902 1288 1021 1331 manere

220 1365 377 1437 propterea
400 1361 481 1439 quia,
505 1377 578 1437 quae
601 1359 747 1420 decedunt
771 1377 894 1437 corpora
916 1361 1036 1440 cuique,

222 1446 299 1506 unde
322 1446 430 1507 abeunt
452 1449 601 1528 minuunt,
625 1466 682 1526 quo
705 1465 812 1507 venere
835 1449 971 1525 augmine
994 1445 1113 1508 donant

221 1532 271 1593 illa
293 1552 448 1595 senescere
472 1542 500 1595 at
522 1534 594 1595 haec
616 1542 719 1595 contra
741 1535 898 1595 florescere
922 1542 1042 1616 cogunt,

170 1629 202 1677 ro
222 1640 277 1682 nec
299 1629 484 1682 remorantur
507 1621 558 1682 ihi.
594 1625 637 1683 sic
659 1641 760 1683 rerum
783 1640 897 1683 summa
918 1631 1042 1684 noratur

223 1727 352 1788 semper,
375 1717 405 1770 et
427 1711 504 1770 inter
527 1729 559 1770 se
582 1711 721 1771 mortales
744 1718 844 1771 mutua
866 1712 974 1771 rimmt.

222 1805 383 1874 augescunt
405 1797 478 1858 aliae
501 1806 617 1879 gentes,
640 1798 712 1859 aliae
736 1802 921 1880 minuuntur,

222 1887 312 1964 inque
335 1884 418 1946 brevi
440 1888 534 1965 spatio
556 1894 708 1949 mutantur
730 1887 825 1950 saecla
847 1889 1027 1950 animantum

222 1981 252 2034 et
275 1976 358 2052 quasi
380 1993 517 2035 cursores
541 1978 610 2036 vitai
632 1975 765 2054 lampada
786 1975 913 2036 tradunt.

170 2070 203 2119 80
266 2062 298 2122 Si
321 2080 437 2123 cessare
459 2070 545 2142 putas
567 2082 668 2124 rerum
691 2064 851 2143 primordia
872 2081 960 2142 posse

222 2151 423 2230 cessandoque
445 2169 536 2212 novos
558 2170 660 2212 rerum
681 2154 858 2231 progignere
880 2159 990 2232 motus,

222 2240 303 2299 arius
326 2257 343 2298 a
364 2257 433 2299 vera
455 2239 541 2317 longe
563 2242 676 2300 ratione
700 2242 822 2319 vagaris.

221 2345 288 2387 nam
312 2329 450 2406 quoniam
473 2346 526 2406 per
549 2330 635 2388 inane
657 2335 812 2409 vagantur,
835 2334 938 2389 cuncta
961 2337 1115 2390 necessest

222 2422 271 2475 aut
293 2417 433 2493 gravitate
457 2434 509 2476 sua
532 2416 604 2476 ferri
625 2417 786 2495 primordia
808 2434 921 2496 rerum,

168 2511 202 2558 85
221 2510 271 2563 aut
293 2504 354 2563 ictu
376 2503 451 2564 forte
474 2503 603 2564 alterius.
640 2522 708 2564 nam
730 2521 799 2566 cerm
821 2506 879 2565 cita
902 2521 988 2582 saepe

222 2590 305 2650 obvia
327 2591 499 2673 conflixere,
522 2593 555 2652 fit
576 2599 609 2653 ut
632 2591 748 2653 diversa
770 2599 892 2671 repente

222 2677 380 2760 dissiliant3
402 2698 498 2759 neque
521 2682 599 2740 enim
621 2683 743 2761 mirum,
766 2681 924 2743 durissima
947 2697 1020 2759 quae
1045 2682 1106 2741 sint

221 2765 401 2843 ponderibus
425 2768 526 2828 solidis
548 2786 644 2846 neque
669 2771 825 2847 quicquam
843 2788 860 2830 a
877 2776 960 2846 tergo
978 2766 1045 2828 ibus
1064 2769 1173 2832 obstet

221 2859 251 2912 et
274 2871 331 2931 quo
354 2857 457 2916 iactari
478 2857 572 2934 magis
595 2858 693 2915 omnia
715 2859 850 2917 materiai
954 2879 962 2905 ν

169 2948 203 2997 90
222 2958 345 3019 corpora
366 2943 532 3024 pervideas,
555 2946 746 3004 reminiscere
769 2946 860 3005 totius
883 2946 975 3005 imum

221 3028 263 3090 nil
287 3047 352 3088 esse
375 3032 406 3089 in
429 3049 555 3113 summa,
577 3051 674 3111 neque
696 3032 805 3094 habere
827 3032 879 3094 ubi
902 3050 1023 3111 corpora
1045 3036 1145 3113 prima

221 3119 396 3198 consistant,
419 3122 555 3196 quoniam
579 3123 707 3199 spatium
731 3123 794 3182 sine
817 3123 875 3182 fine
898 3121 1087 3204 modoquest,

221 3206 447 3282 inmensumque
470 3215 569 3284 patere
592 3210 625 3268 in
648 3217 766 3270 cunctas
789 3210 919 3289 undique
942 3211 1034 3288 partis

221 3291 356 3371 pluribus
379 3295 494 3354 ostendi
517 3303 546 3355 et
569 3304 650 3358 certa
671 3300 784 3358 ratione
806 3298 998 3377 probatumst.

170 3379 299 3459 eoquod
324 3381 462 3457 quoniam
484 3392 610 3465 constat,
633 3387 786 3468 nimirum,
807 3386 887 3447 nulla
911 3388 994 3466 quies
1017 3396 1064 3448 est

221 3467 336 3528 reddita
359 3466 532 3544 corporibus
554 3475 659 3550 primis
681 3494 736 3554 per
758 3478 844 3536 inane
867 3475 1059 3560 profundum,
