<?xml version="1.0" encoding="UTF-8"?>
<!DOCTYPE html PUBLIC "-//W3C//DTD XHTML 1.0 Transitional//EN"
    "http://www.w3.org/TR/xhtml1/DTD/xhtml1-transitional.dtd">
<html xmlns="http://www.w3.org/1999/xhtml" xml:lang="en" lang="en">
 <head>
  <title>
</title>
<meta http-equiv="Content-Type" content="text/html;charset=utf-8" />
  <meta name='ocr-system' content='tesseract 3.04.00' />
  <meta name='ocr-capabilities' content='ocr_page ocr_carea ocr_par ocr_line ocrx_word'/>
</head>
<body>
  <div class='ocr_page' id='page_1' title='image "./dererumnaturali00briegoog_0099.png"; bbox 0 0 2484 3800; ppageno 0'>
   <div class='ocr_carea' id='block_1_1' title="bbox 578 161 591 214">
    <p class='ocr_par' dir='ltr' id='par_1_1' title="bbox 578 161 591 214">
     <span class='ocr_line' id='line_1_1' title="bbox 578 161 591 214; baseline 0 0"><span class='ocrx_word' id='word_1_1' title='bbox 578 161 591 214; x_wconf 90' lang='grc' dir='ltr'>Ι</span> 
     </span>
    </p>
   </div>
   <div class='ocr_carea' id='block_1_2' title="bbox 65 306 1099 3526">
    <p class='ocr_par' dir='ltr' id='par_1_2' title="bbox 65 306 988 477">
     <span class='ocr_line' id='line_1_2' title="bbox 65 306 988 387; baseline 0.004 -25"><span class='ocrx_word' id='word_1_2' title='bbox 65 315 131 364; x_wconf 76' lang='grc'><strong>280</strong></span> <span class='ocrx_word' id='word_1_3' title='bbox 149 311 208 368; x_wconf 83' lang='lat' dir='ltr'><strong>vim</strong></span> <span class='ocrx_word' id='word_1_4' title='bbox 231 307 359 369; x_wconf 91' lang='lat' dir='ltr'><strong>subitam</strong></span> <span class='ocrx_word' id='word_1_5' title='bbox 383 307 524 368; x_wconf 91' lang='lat' dir='ltr'><strong>tolerare:</strong></span> <span class='ocrx_word' id='word_1_6' title='bbox 546 310 587 368; x_wconf 93' lang='lat' dir='ltr'><strong>ita</strong></span> <span class='ocrx_word' id='word_1_7' title='bbox 609 325 715 387; x_wconf 85' lang='lat' dir='ltr'><strong>magno</strong></span> <span class='ocrx_word' id='word_1_8' title='bbox 739 308 875 368; x_wconf 91' lang='lat' dir='ltr'><strong>turbidus</strong></span> <span class='ocrx_word' id='word_1_9' title='bbox 898 306 988 367; x_wconf 93' lang='lat' dir='ltr'><strong>imbri</strong></span> 
     </span>
     <span class='ocr_line' id='line_1_3' title="bbox 149 396 937 477; baseline -0.001 -20"><span class='ocrx_word' id='word_1_10' title='bbox 149 396 277 457; x_wconf 91' lang='lat' dir='ltr'><strong>molibus</strong></span> <span class='ocrx_word' id='word_1_11' title='bbox 298 398 440 475; x_wconf 84' lang='lat' dir='ltr'><strong>incurrit,</strong></span> <span class='ocrx_word' id='word_1_12' title='bbox 463 396 567 456; x_wconf 86' lang='lat' dir='ltr'><strong>validis</strong></span> <span class='ocrx_word' id='word_1_13' title='bbox 590 415 658 456; x_wconf 94' lang='lat' dir='ltr'><strong>cum</strong></span> <span class='ocrx_word' id='word_1_14' title='bbox 681 396 806 477; x_wconf 82' lang='lat' dir='ltr'><strong>viribus,</strong></span> <span class='ocrx_word' id='word_1_15' title='bbox 830 398 937 476; x_wconf 88' lang='lat' dir='ltr'><strong>amnis,</strong></span> 
     </span>
    </p>

    <p class='ocr_par' dir='ltr' id='par_1_3' title="bbox 150 484 963 563">
     <span class='ocr_line' id='line_1_4' title="bbox 150 484 963 563; baseline -0.002 -18"><span class='ocrx_word' id='word_1_16' title='bbox 150 486 199 545; x_wconf 94' lang='lat' dir='ltr'><strong>dat</strong></span> <span class='ocrx_word' id='word_1_17' title='bbox 223 486 323 544; x_wconf 92' lang='lat' dir='ltr'><strong>souitu</strong></span> <span class='ocrx_word' id='word_1_18' title='bbox 345 503 451 562; x_wconf 87' lang='lat' dir='ltr'><strong>magno</strong></span> <span class='ocrx_word' id='word_1_19' title='bbox 475 491 603 562; x_wconf 84' lang='lat' dir='ltr'><strong>stragem</strong></span> <span class='ocrx_word' id='word_1_20' title='bbox 626 484 773 563; x_wconf 84' lang='lat' dir='ltr'><strong>volvitque</strong></span> <span class='ocrx_word' id='word_1_21' title='bbox 797 485 852 544; x_wconf 94' lang='lat' dir='ltr'><strong>sub</strong></span> <span class='ocrx_word' id='word_1_22' title='bbox 876 485 963 546; x_wconf 90' lang='lat' dir='ltr'><strong>undis</strong></span> 
     </span>
    </p>

    <p class='ocr_par' dir='ltr' id='par_1_4' title="bbox 70 571 1087 829">
     <span class='ocr_line' id='line_1_5' title="bbox 150 571 1025 652; baseline -0.003 -18"><span class='ocrx_word' id='word_1_23' title='bbox 150 573 271 652; x_wconf 82' lang='lat' dir='ltr'>grandia</span> <span class='ocrx_word' id='word_1_24' title='bbox 296 591 365 634; x_wconf 82' lang='lat' dir='ltr'><strong>saxa</strong></span> <span class='ocrx_word' id='word_1_25' title='bbox 388 575 507 651; x_wconf 79' lang='lat' dir='ltr'><strong>ruitque</strong></span> <span class='ocrx_word' id='word_1_26' title='bbox 530 574 571 632; x_wconf 90' lang='lat' dir='ltr'><strong>ita</strong></span> <span class='ocrx_word' id='word_1_27' title='bbox 595 572 736 651; x_wconf 90' lang='lat' dir='ltr'><strong>quidquid</strong></span> <span class='ocrx_word' id='word_1_28' title='bbox 759 571 898 633; x_wconf 86' lang='lat' dir='ltr'><strong>fluctibus</strong></span> <span class='ocrx_word' id='word_1_29' title='bbox 922 572 1025 632; x_wconf 79' lang='lat' dir='ltr'><strong>obstat.</strong></span> 
     </span>
     <span class='ocr_line' id='line_1_6' title="bbox 70 661 1087 741; baseline 0 -21"><span class='ocrx_word' id='word_1_30' title='bbox 70 669 137 720; x_wconf 84' lang='lat'><strong>290</strong></span> <span class='ocrx_word' id='word_1_31' title='bbox 151 665 194 722; x_wconf 91' lang='grc'><strong>010</strong></span> <span class='ocrx_word' id='word_1_32' title='bbox 217 664 310 739; x_wconf 84' lang='lat' dir='ltr'><strong>igitur</strong></span> <span class='ocrx_word' id='word_1_33' title='bbox 333 661 442 721; x_wconf 89' lang='lat' dir='ltr'><strong>debent</strong></span> <span class='ocrx_word' id='word_1_34' title='bbox 463 663 545 720; x_wconf 86' lang='lat' dir='ltr'><strong>venti</strong></span> <span class='ocrx_word' id='word_1_35' title='bbox 568 679 684 740; x_wconf 89' lang='lat' dir='ltr'><strong>quoque</strong></span> <span class='ocrx_word' id='word_1_36' title='bbox 707 661 825 721; x_wconf 86' lang='lat' dir='ltr'><strong>flamina</strong></span> <span class='ocrx_word' id='word_1_37' title='bbox 848 661 933 741; x_wconf 81' lang='lat' dir='ltr'><strong>lorri3</strong></span> <span class='ocrx_word' id='word_1_38' title='bbox 1048 673 1087 713; x_wconf 76' lang='grc'><strong>300</strong></span> 
     </span>
     <span class='ocr_line' id='line_1_7' title="bbox 72 748 925 829; baseline 0.004 -24"><span class='ocrx_word' id='word_1_39' title='bbox 72 756 131 806; x_wconf 72' lang='grc'><strong>285</strong></span> <span class='ocrx_word' id='word_1_40' title='bbox 151 768 226 829; x_wconf 88' lang='lat' dir='ltr'><strong>quae</strong></span> <span class='ocrx_word' id='word_1_41' title='bbox 250 748 342 809; x_wconf 88' lang='lat' dir='ltr'><strong>veluti</strong></span> <span class='ocrx_word' id='word_1_42' title='bbox 364 748 493 809; x_wconf 87' lang='lat' dir='ltr'><strong>validum</strong></span> <span class='ocrx_word' id='word_1_43' title='bbox 516 766 583 809; x_wconf 92' lang='lat' dir='ltr'><strong>cum</strong></span> <span class='ocrx_word' id='word_1_44' title='bbox 606 750 717 809; x_wconf 87' lang='lat' dir='ltr'><strong>llumeu</strong></span> <span class='ocrx_word' id='word_1_45' title='bbox 739 748 925 828; x_wconf 78' lang='lat' dir='ltr'><strong>procubuere</strong></span> 
     </span>
    </p>

    <p class='ocr_par' dir='ltr' id='par_1_5' title="bbox 151 837 1021 918">
     <span class='ocr_line' id='line_1_8' title="bbox 151 837 1021 918; baseline -0.002 -20"><span class='ocrx_word' id='word_1_46' title='bbox 151 857 240 918; x_wconf 93' lang='lat' dir='ltr'><strong>quam</strong></span> <span class='ocrx_word' id='word_1_47' title='bbox 263 837 336 897; x_wconf 89' lang='lat' dir='ltr'><strong>libet</strong></span> <span class='ocrx_word' id='word_1_48' title='bbox 358 840 389 897; x_wconf 91' lang='lat' dir='ltr'><strong>in</strong></span> <span class='ocrx_word' id='word_1_49' title='bbox 412 844 540 917; x_wconf 89' lang='lat' dir='ltr'><strong>partem,</strong></span> <span class='ocrx_word' id='word_1_50' title='bbox 563 838 688 898; x_wconf 90' lang='lat' dir='ltr'><strong>trudunt</strong></span> <span class='ocrx_word' id='word_1_51' title='bbox 711 855 759 898; x_wconf 89' lang='lat' dir='ltr'><strong>res</strong></span> <span class='ocrx_word' id='word_1_52' title='bbox 783 844 850 897; x_wconf 88' lang='lat' dir='ltr'><strong>ante</strong></span> <span class='ocrx_word' id='word_1_53' title='bbox 873 843 1021 914; x_wconf 88' lang='lat' dir='ltr'><strong>ruuntque</strong></span> 
     </span>
    </p>

    <p class='ocr_par' dir='ltr' id='par_1_6' title="bbox 149 924 867 1007">
     <span class='ocr_line' id='line_1_9' title="bbox 149 924 867 1007; baseline -0.006 -20"><span class='ocrx_word' id='word_1_54' title='bbox 149 926 311 1005; x_wconf 84' lang='lat' dir='ltr'><strong>impetibus</strong></span> <span class='ocrx_word' id='word_1_55' title='bbox 335 924 461 1007; x_wconf 84' lang='lat' dir='ltr'><strong>crebris,</strong></span> <span class='ocrx_word' id='word_1_56' title='bbox 484 925 634 987; x_wconf 87' lang='lat' dir='ltr'><strong>interdum</strong></span> <span class='ocrx_word' id='word_1_57' title='bbox 656 928 767 986; x_wconf 88' lang='lat' dir='ltr'><strong>vertice</strong></span> <span class='ocrx_word' id='word_1_58' title='bbox 789 931 867 985; x_wconf 92' lang='lat' dir='ltr'><strong>torto</strong></span> 
     </span>
    </p>

    <p class='ocr_par' dir='ltr' id='par_1_7' title="bbox 150 1013 924 1094">
     <span class='ocr_line' id='line_1_10' title="bbox 150 1013 924 1094; baseline -0.005 -19"><span class='ocrx_word' id='word_1_59' title='bbox 150 1017 318 1094; x_wconf 89' lang='lat' dir='ltr'><strong>corripiunt</strong></span> <span class='ocrx_word' id='word_1_60' title='bbox 339 1013 500 1092; x_wconf 85' lang='lat' dir='ltr'><strong>rapideque</strong></span> <span class='ocrx_word' id='word_1_61' title='bbox 523 1016 634 1074; x_wconf 88' lang='lat' dir='ltr'><strong>rotanti</strong></span> <span class='ocrx_word' id='word_1_62' title='bbox 656 1013 775 1074; x_wconf 91' lang='lat' dir='ltr'><strong>turbiue</strong></span> <span class='ocrx_word' id='word_1_63' title='bbox 797 1018 924 1091; x_wconf 90' lang='lat' dir='ltr'><strong>portant.</strong></span> 
     </span>
    </p>

    <p class='ocr_par' dir='ltr' id='par_1_8' title="bbox 74 1103 1087 1358">
     <span class='ocr_line' id='line_1_11' title="bbox 74 1103 1087 1183; baseline -0.002 -22"><span class='ocrx_word' id='word_1_64' title='bbox 74 1110 136 1162; x_wconf 81' lang='lat'><strong>295</strong></span> <span class='ocrx_word' id='word_1_65' title='bbox 150 1122 243 1183; x_wconf 92' lang='lat' dir='ltr'><strong>quare</strong></span> <span class='ocrx_word' id='word_1_66' title='bbox 267 1105 355 1163; x_wconf 90' lang='lat' dir='ltr'><strong>etiam</strong></span> <span class='ocrx_word' id='word_1_67' title='bbox 379 1109 467 1180; x_wconf 88' lang='lat' dir='ltr'><strong>atque</strong></span> <span class='ocrx_word' id='word_1_68' title='bbox 491 1105 578 1162; x_wconf 89' lang='lat' dir='ltr'><strong>etiam</strong></span> <span class='ocrx_word' id='word_1_69' title='bbox 602 1110 672 1162; x_wconf 90' lang='lat' dir='ltr'><strong>sunt</strong></span> <span class='ocrx_word' id='word_1_70' title='bbox 694 1103 774 1162; x_wconf 86' lang='lat' dir='ltr'><strong>venti</strong></span> <span class='ocrx_word' id='word_1_71' title='bbox 797 1118 920 1180; x_wconf 90' lang='lat' dir='ltr'><strong>corpora</strong></span> <span class='ocrx_word' id='word_1_72' title='bbox 940 1117 1034 1179; x_wconf 87' lang='lat' dir='ltr'><strong>caeca,</strong></span> <span class='ocrx_word' id='word_1_73' title='bbox 1049 1112 1087 1152; x_wconf 79' lang='lat'><strong>2⁹⁵</strong></span> 
     </span>
     <span class='ocr_line' id='line_1_12' title="bbox 76 1188 982 1272; baseline -0.002 -24"><span class='ocrx_word' id='word_1_74' title='bbox 76 1199 132 1249; x_wconf 76' lang='grc'><strong>390</strong></span> <span class='ocrx_word' id='word_1_75' title='bbox 151 1191 392 1272; x_wconf 91' lang='lat' dir='ltr'><strong>quandoquidem</strong></span> <span class='ocrx_word' id='word_1_76' title='bbox 414 1190 500 1250; x_wconf 88' lang='lat' dir='ltr'><strong>factis</strong></span> <span class='ocrx_word' id='word_1_77' title='bbox 523 1197 553 1250; x_wconf 90' lang='lat' dir='ltr'><strong>et</strong></span> <span class='ocrx_word' id='word_1_78' title='bbox 575 1190 708 1250; x_wconf 91' lang='lat' dir='ltr'><strong>moribus</strong></span> <span class='ocrx_word' id='word_1_79' title='bbox 732 1188 846 1250; x_wconf 91' lang='lat' dir='ltr'><strong>aemula</strong></span> <span class='ocrx_word' id='word_1_80' title='bbox 868 1190 982 1266; x_wconf 85' lang='lat' dir='ltr'><strong>magnis</strong></span> 
     </span>
     <span class='ocr_line' id='line_1_13' title="bbox 150 1279 960 1358; baseline -0.006 -17"><span class='ocrx_word' id='word_1_81' title='bbox 150 1279 288 1341; x_wconf 86' lang='lat' dir='ltr'><strong>amnibus</strong></span> <span class='ocrx_word' id='word_1_82' title='bbox 311 1281 514 1358; x_wconf 88' lang='lat' dir='ltr'><strong>inveniuntur,</strong></span> <span class='ocrx_word' id='word_1_83' title='bbox 537 1285 639 1356; x_wconf 91' lang='lat' dir='ltr'><strong>aperto</strong></span> <span class='ocrx_word' id='word_1_84' title='bbox 662 1296 785 1356; x_wconf 91' lang='lat' dir='ltr'><strong>corpore</strong></span> <span class='ocrx_word' id='word_1_85' title='bbox 809 1279 869 1356; x_wconf 79' lang='lat' dir='ltr'><strong>qui,</strong></span> <span class='ocrx_word' id='word_1_86' title='bbox 884 1283 960 1337; x_wconf 90' lang='lat' dir='ltr'><strong>sunt.</strong></span> 
     </span>
    </p>

    <p class='ocr_par' dir='ltr' id='par_1_9' title="bbox 149 1366 995 1447">
     <span class='ocr_line' id='line_1_14' title="bbox 149 1366 995 1447; baseline -0.007 -17"><span class='ocrx_word' id='word_1_87' title='bbox 149 1377 214 1430; x_wconf 93' lang='lat' dir='ltr'><strong>tum</strong></span> <span class='ocrx_word' id='word_1_88' title='bbox 237 1386 327 1447; x_wconf 93' lang='lat' dir='ltr'><strong>porro</strong></span> <span class='ocrx_word' id='word_1_89' title='bbox 350 1369 446 1426; x_wconf 82' lang='lat' dir='ltr'><strong>varios</strong></span> <span class='ocrx_word' id='word_1_90' title='bbox 469 1383 570 1426; x_wconf 92' lang='lat' dir='ltr'><strong>rerum</strong></span> <span class='ocrx_word' id='word_1_91' title='bbox 594 1369 739 1427; x_wconf 89' lang='lat' dir='ltr'><strong>sentimus</strong></span> <span class='ocrx_word' id='word_1_92' title='bbox 762 1366 881 1445; x_wconf 85' lang='lat' dir='ltr'><strong>odores,</strong></span> <span class='ocrx_word' id='word_1_93' title='bbox 993 1375 995 1380; x_wconf 87' lang='grc'><strong>’</strong></span> 
     </span>
    </p>

    <p class='ocr_par' dir='ltr' id='par_1_10' title="bbox 78 1455 1099 1712">
     <span class='ocr_line' id='line_1_15' title="bbox 149 1455 1010 1533; baseline -0.007 -15"><span class='ocrx_word' id='word_1_94' title='bbox 149 1476 206 1518; x_wconf 86' lang='grc'><strong>000</strong></span> <span class='ocrx_word' id='word_1_95' title='bbox 229 1463 328 1516; x_wconf 85' lang='lat' dir='ltr'><strong>tamen</strong></span> <span class='ocrx_word' id='word_1_96' title='bbox 352 1455 387 1515; x_wconf 87' lang='lat' dir='ltr'><strong>ad</strong></span> <span class='ocrx_word' id='word_1_97' title='bbox 411 1457 492 1514; x_wconf 92' lang='lat' dir='ltr'><strong>naris</strong></span> <span class='ocrx_word' id='word_1_98' title='bbox 514 1456 662 1515; x_wconf 82' lang='lat' dir='ltr'><strong>venientis</strong></span> <span class='ocrx_word' id='word_1_99' title='bbox 685 1456 834 1514; x_wconf 88' lang='lat' dir='ltr'><strong>cernimus</strong></span> <span class='ocrx_word' id='word_1_100' title='bbox 857 1471 1010 1533; x_wconf 87' lang='lat' dir='ltr'><strong>umquam,</strong></span> 
     </span>
     <span class='ocr_line' id='line_1_16' title="bbox 78 1542 1099 1623; baseline -0.003 -19"><span class='ocrx_word' id='word_1_101' title='bbox 78 1553 205 1607; x_wconf 88' lang='lat' dir='ltr'><strong>300nec</strong></span> <span class='ocrx_word' id='word_1_102' title='bbox 229 1544 339 1605; x_wconf 90' lang='lat' dir='ltr'><strong>calidos</strong></span> <span class='ocrx_word' id='word_1_103' title='bbox 362 1549 462 1603; x_wconf 92' lang='lat' dir='ltr'><strong>aestus</strong></span> <span class='ocrx_word' id='word_1_104' title='bbox 485 1545 610 1623; x_wconf 79' lang='lat' dir='ltr'><strong>tuimur,</strong></span> <span class='ocrx_word' id='word_1_105' title='bbox 633 1561 688 1603; x_wconf 90' lang='lat' dir='ltr'><strong>uec</strong></span> <span class='ocrx_word' id='word_1_106' title='bbox 711 1542 820 1620; x_wconf 82' lang='lat' dir='ltr'><strong>frigora</strong></span> <span class='ocrx_word' id='word_1_107' title='bbox 844 1544 962 1620; x_wconf 88' lang='lat' dir='ltr'><strong>quimus</strong></span> <span class='ocrx_word' id='word_1_108' title='bbox 1049 1554 1099 1594; x_wconf 76' lang='grc'>300-</span> 
     </span>
     <span class='ocr_line' id='line_1_17' title="bbox 78 1631 918 1712; baseline -0.001 -22"><span class='ocrx_word' id='word_1_109' title='bbox 78 1640 131 1692; x_wconf 79' lang='grc'><strong>035</strong></span> <span class='ocrx_word' id='word_1_110' title='bbox 150 1651 297 1712; x_wconf 90' lang='lat' dir='ltr'><strong>usurpare</strong></span> <span class='ocrx_word' id='word_1_111' title='bbox 321 1631 428 1711; x_wconf 82' lang='lat' dir='ltr'><strong>oculis,</strong></span> <span class='ocrx_word' id='word_1_112' title='bbox 451 1649 506 1691; x_wconf 91' lang='lat' dir='ltr'><strong>uec</strong></span> <span class='ocrx_word' id='word_1_113' title='bbox 528 1648 616 1691; x_wconf 82' lang='lat' dir='ltr'><strong>voces</strong></span> <span class='ocrx_word' id='word_1_114' title='bbox 639 1649 761 1691; x_wconf 89' lang='lat' dir='ltr'><strong>cernere</strong></span> <span class='ocrx_word' id='word_1_115' title='bbox 785 1648 918 1710; x_wconf 83' lang='lat' dir='ltr'><strong>suemus3</strong></span> 
     </span>
    </p>

    <p class='ocr_par' dir='ltr' id='par_1_11' title="bbox 151 1722 970 1802">
     <span class='ocr_line' id='line_1_18' title="bbox 151 1722 970 1802; baseline -0.006 -20"><span class='ocrx_word' id='word_1_116' title='bbox 151 1741 227 1802; x_wconf 90' lang='lat' dir='ltr'><strong>quae</strong></span> <span class='ocrx_word' id='word_1_117' title='bbox 250 1728 349 1781; x_wconf 90' lang='lat' dir='ltr'><strong>tamen</strong></span> <span class='ocrx_word' id='word_1_118' title='bbox 373 1722 471 1779; x_wconf 91' lang='lat' dir='ltr'><strong>omnia</strong></span> <span class='ocrx_word' id='word_1_119' title='bbox 494 1736 636 1797; x_wconf 88' lang='lat' dir='ltr'><strong>corporea</strong></span> <span class='ocrx_word' id='word_1_120' title='bbox 659 1726 794 1779; x_wconf 76' lang='lat' dir='ltr'><strong>constare</strong></span> <span class='ocrx_word' id='word_1_121' title='bbox 817 1724 970 1779; x_wconf 86' lang='lat' dir='ltr'><strong>necessest</strong></span> 
     </span>
    </p>

    <p class='ocr_par' dir='ltr' id='par_1_12' title="bbox 150 1806 886 1889">
     <span class='ocr_line' id='line_1_19' title="bbox 150 1806 886 1889; baseline -0.007 -18"><span class='ocrx_word' id='word_1_122' title='bbox 150 1819 270 1889; x_wconf 87' lang='lat' dir='ltr'><strong>natura,</strong></span> <span class='ocrx_word' id='word_1_123' title='bbox 294 1810 432 1888; x_wconf 92' lang='lat' dir='ltr'><strong>quoniam</strong></span> <span class='ocrx_word' id='word_1_124' title='bbox 456 1825 561 1868; x_wconf 89' lang='lat' dir='ltr'><strong>sensus</strong></span> <span class='ocrx_word' id='word_1_125' title='bbox 584 1806 726 1886; x_wconf 89' lang='lat' dir='ltr'><strong>inpellere</strong></span> <span class='ocrx_word' id='word_1_126' title='bbox 749 1814 886 1885; x_wconf 88' lang='lat' dir='ltr'><strong>possunt:</strong></span> 
     </span>
    </p>

    <p class='ocr_par' dir='ltr' id='par_1_13' title="bbox 79 1895 1090 2180">
     <span class='ocr_line' id='line_1_20' title="bbox 151 1895 1088 1978; baseline -0.007 -18"><span class='ocrx_word' id='word_1_127' title='bbox 151 1908 274 1978; x_wconf 82' lang='lat' dir='ltr'><strong>tangere</strong></span> <span class='ocrx_word' id='word_1_128' title='bbox 302 1899 380 1958; x_wconf 89' lang='lat' dir='ltr'><strong>euim</strong></span> <span class='ocrx_word' id='word_1_129' title='bbox 407 1904 437 1957; x_wconf 88' lang='lat' dir='ltr'><strong>et</strong></span> <span class='ocrx_word' id='word_1_130' title='bbox 458 1897 552 1976; x_wconf 85' lang='lat' dir='ltr'><strong>tangi,</strong></span> <span class='ocrx_word' id='word_1_131' title='bbox 578 1896 639 1956; x_wconf 91' lang='lat' dir='ltr'><strong>nisi</strong></span> <span class='ocrx_word' id='word_1_132' title='bbox 662 1914 783 1976; x_wconf 83' lang='lat' dir='ltr'><strong>corpus,</strong></span> <span class='ocrx_word' id='word_1_133' title='bbox 809 1895 889 1956; x_wconf 89' lang='lat' dir='ltr'><strong>nulla</strong></span> <span class='ocrx_word' id='word_1_134' title='bbox 911 1899 1010 1973; x_wconf 87' lang='lat' dir='ltr'><strong>potest</strong></span> <span class='ocrx_word' id='word_1_135' title='bbox 1032 1910 1088 1952; x_wconf 88' lang='lat' dir='ltr'><strong>res.</strong></span> 
     </span>
     <span class='ocr_line' id='line_1_21' title="bbox 79 1977 1090 2107; baseline -0.006 -59"><span class='ocrx_word' id='word_1_136' title='bbox 79 1997 134 2048; x_wconf 86' lang='lat'><strong>305</strong></span> <span class='ocrx_word' id='word_1_137' title='bbox 152 1989 282 2066; x_wconf 87' lang='lat' dir='ltr'><strong>denique</strong></span> <span class='ocrx_word' id='word_1_138' title='bbox 305 1986 470 2063; x_wconf 79' lang='lat' dir='ltr'><strong>fluctifrago</strong></span> <span class='ocrx_word' id='word_1_139' title='bbox 494 2002 655 2063; x_wconf 85' lang='lat' dir='ltr'><strong>suspensae</strong></span> <span class='ocrx_word' id='word_1_140' title='bbox 679 1986 710 2044; x_wconf 92' lang='grc'><strong>10</strong></span> <span class='ocrx_word' id='word_1_141' title='bbox 733 1983 819 2044; x_wconf 90' lang='lat' dir='ltr'><strong>litore</strong></span> <span class='ocrx_word' id='word_1_142' title='bbox 842 1990 938 2043; x_wconf 89' lang='lat' dir='ltr'><strong>vestes</strong></span> <span class='ocrx_word' id='word_1_143' title='bbox 1034 1977 1090 2107; x_wconf 49' lang='lat' dir='ltr'><strong>Qt</strong></span> 
     </span>
     <span class='ocr_line' id='line_1_22' title="bbox 79 2071 1050 2180; baseline -0.006 -45"><span class='ocrx_word' id='word_1_144' title='bbox 79 2085 131 2135; x_wconf 94' lang='grc'><strong>300</strong></span> <span class='ocrx_word' id='word_1_145' title='bbox 150 2082 310 2155; x_wconf 69' lang='lat' dir='ltr'><strong>suescunt,</strong></span> <span class='ocrx_word' id='word_1_146' title='bbox 333 2074 453 2135; x_wconf 92' lang='lat' dir='ltr'><strong>eaedem</strong></span> <span class='ocrx_word' id='word_1_147' title='bbox 477 2073 632 2151; x_wconf 90' lang='lat' dir='ltr'><strong>dispansae</strong></span> <span class='ocrx_word' id='word_1_148' title='bbox 655 2075 686 2133; x_wconf 98' lang='grc'><strong>10</strong></span> <span class='ocrx_word' id='word_1_149' title='bbox 710 2071 772 2132; x_wconf 88' lang='grc'>0010</span> <span class='ocrx_word' id='word_1_150' title='bbox 796 2078 956 2132; x_wconf 88' lang='lat' dir='ltr'><strong>serescuut.</strong></span> <span class='ocrx_word' id='word_1_151' title='bbox 978 2075 1050 2180; x_wconf 49' lang='lat' dir='ltr'><em>W</em></span> 
     </span>
    </p>

    <p class='ocr_par' dir='ltr' id='par_1_14' title="bbox 152 2160 899 2242">
     <span class='ocr_line' id='line_1_23' title="bbox 152 2160 899 2242; baseline -0.011 -16"><span class='ocrx_word' id='word_1_152' title='bbox 152 2172 183 2227; x_wconf 93' lang='lat' dir='ltr'><strong>at</strong></span> <span class='ocrx_word' id='word_1_153' title='bbox 205 2180 302 2242; x_wconf 88' lang='lat' dir='ltr'><strong>neque</strong></span> <span class='ocrx_word' id='word_1_154' title='bbox 327 2180 384 2241; x_wconf 89' lang='lat' dir='ltr'><strong>quo</strong></span> <span class='ocrx_word' id='word_1_155' title='bbox 408 2168 493 2240; x_wconf 88' lang='lat' dir='ltr'><strong>pacto</strong></span> <span class='ocrx_word' id='word_1_156' title='bbox 516 2160 682 2240; x_wconf 85' lang='lat' dir='ltr'><strong>persederit</strong></span> <span class='ocrx_word' id='word_1_157' title='bbox 704 2177 790 2221; x_wconf 93' lang='lat' dir='ltr'><strong>umor</strong></span> <span class='ocrx_word' id='word_1_158' title='bbox 813 2162 899 2239; x_wconf 93' lang='lat' dir='ltr'><strong>aquai</strong></span> 
     </span>
    </p>

    <p class='ocr_par' dir='ltr' id='par_1_15' title="bbox 151 2249 945 2332">
     <span class='ocr_line' id='line_1_24' title="bbox 151 2249 945 2332; baseline -0.01 -18"><span class='ocrx_word' id='word_1_159' title='bbox 151 2256 291 2332; x_wconf 76' lang='lat' dir='ltr'><strong>visumst,</strong></span> <span class='ocrx_word' id='word_1_160' title='bbox 314 2268 370 2311; x_wconf 88' lang='grc'><strong>000</strong></span> <span class='ocrx_word' id='word_1_161' title='bbox 393 2267 512 2310; x_wconf 90' lang='lat' dir='ltr'><strong>rursum</strong></span> <span class='ocrx_word' id='word_1_162' title='bbox 536 2266 592 2326; x_wconf 93' lang='lat' dir='ltr'><strong>quo</strong></span> <span class='ocrx_word' id='word_1_163' title='bbox 616 2255 701 2327; x_wconf 92' lang='lat' dir='ltr'><strong>pacto</strong></span> <span class='ocrx_word' id='word_1_164' title='bbox 724 2249 833 2326; x_wconf 81' lang='lat' dir='ltr'><strong>fugerit</strong></span> <span class='ocrx_word' id='word_1_165' title='bbox 855 2253 945 2307; x_wconf 92' lang='lat' dir='ltr'><strong>aestu</strong></span> 
     </span>
    </p>

    <p class='ocr_par' dir='ltr' id='par_1_16' title="bbox 151 2336 869 2420">
     <span class='ocr_line' id='line_1_25' title="bbox 151 2336 869 2420; baseline -0.011 -17"><span class='ocrx_word' id='word_1_166' title='bbox 151 2345 185 2403; x_wconf 91' lang='lat' dir='ltr'><strong>in</strong></span> <span class='ocrx_word' id='word_1_167' title='bbox 207 2358 313 2420; x_wconf 84' lang='lat' dir='ltr'><strong>parvas</strong></span> <span class='ocrx_word' id='word_1_168' title='bbox 335 2341 428 2417; x_wconf 81' lang='lat' dir='ltr'><strong>igitur</strong></span> <span class='ocrx_word' id='word_1_169' title='bbox 450 2338 542 2416; x_wconf 91' lang='lat' dir='ltr'><strong>partis</strong></span> <span class='ocrx_word' id='word_1_170' title='bbox 567 2336 747 2415; x_wconf 80' lang='lat' dir='ltr'><strong>dispergitur</strong></span> <span class='ocrx_word' id='word_1_171' title='bbox 769 2351 869 2416; x_wconf 86' lang='lat' dir='ltr'><strong>umor,</strong></span> 
     </span>
    </p>

    <p class='ocr_par' dir='ltr' id='par_1_17' title="bbox 78 2423 882 2598">
     <span class='ocr_line' id='line_1_26' title="bbox 78 2423 848 2509; baseline -0.012 -18"><span class='ocrx_word' id='word_1_172' title='bbox 78 2440 135 2492; x_wconf 86' lang='grc'><strong>310</strong></span> <span class='ocrx_word' id='word_1_173' title='bbox 153 2448 227 2509; x_wconf 90' lang='lat' dir='ltr'><strong>quas</strong></span> <span class='ocrx_word' id='word_1_174' title='bbox 251 2427 331 2489; x_wconf 90' lang='lat' dir='ltr'><strong>oculi</strong></span> <span class='ocrx_word' id='word_1_175' title='bbox 353 2425 433 2487; x_wconf 90' lang='lat' dir='ltr'><strong>nulla</strong></span> <span class='ocrx_word' id='word_1_176' title='bbox 456 2431 581 2504; x_wconf 89' lang='lat' dir='ltr'><strong>possunt</strong></span> <span class='ocrx_word' id='word_1_177' title='bbox 602 2426 716 2484; x_wconf 89' lang='lat' dir='ltr'><strong>ratione</strong></span> <span class='ocrx_word' id='word_1_178' title='bbox 739 2423 848 2483; x_wconf 84' lang='lat' dir='ltr'><strong>videre.</strong></span> 
     </span>
     <span class='ocr_line' id='line_1_27' title="bbox 79 2511 882 2598; baseline -0.01 -20"><span class='ocrx_word' id='word_1_179' title='bbox 79 2528 133 2578; x_wconf 90' lang='grc'><strong>305</strong></span> <span class='ocrx_word' id='word_1_180' title='bbox 153 2520 227 2598; x_wconf 90' lang='lat' dir='ltr'><strong>quin</strong></span> <span class='ocrx_word' id='word_1_181' title='bbox 251 2518 341 2577; x_wconf 91' lang='lat' dir='ltr'><strong>etiam</strong></span> <span class='ocrx_word' id='word_1_182' title='bbox 362 2514 464 2575; x_wconf 91' lang='lat' dir='ltr'><strong>multis</strong></span> <span class='ocrx_word' id='word_1_183' title='bbox 488 2512 559 2572; x_wconf 90' lang='lat' dir='ltr'><strong>solis</strong></span> <span class='ocrx_word' id='word_1_184' title='bbox 581 2511 775 2572; x_wconf 85' lang='lat' dir='ltr'><strong>redeuntibus</strong></span> <span class='ocrx_word' id='word_1_185' title='bbox 798 2512 882 2572; x_wconf 90' lang='lat' dir='ltr'><strong>anuis</strong></span> 
     </span>
    </p>

    <p class='ocr_par' dir='ltr' id='par_1_18' title="bbox 153 2599 886 2681">
     <span class='ocr_line' id='line_1_28' title="bbox 153 2599 886 2681; baseline -0.015 -13"><span class='ocrx_word' id='word_1_186' title='bbox 153 2606 260 2668; x_wconf 91' lang='lat' dir='ltr'><strong>anulus</strong></span> <span class='ocrx_word' id='word_1_187' title='bbox 283 2606 314 2663; x_wconf 91' lang='lat' dir='ltr'><strong>in</strong></span> <span class='ocrx_word' id='word_1_188' title='bbox 338 2604 429 2681; x_wconf 82' lang='lat' dir='ltr'><strong>digito</strong></span> <span class='ocrx_word' id='word_1_189' title='bbox 453 2599 555 2661; x_wconf 86' lang='lat' dir='ltr'><strong>subter</strong></span> <span class='ocrx_word' id='word_1_190' title='bbox 577 2607 717 2661; x_wconf 91' lang='lat' dir='ltr'><strong>tenuatur</strong></span> <span class='ocrx_word' id='word_1_191' title='bbox 738 2599 886 2678; x_wconf 84' lang='lat' dir='ltr'><strong>habendo,</strong></span> 
     </span>
    </p>

    <p class='ocr_par' dir='ltr' id='par_1_19' title="bbox 154 2688 884 2769">
     <span class='ocr_line' id='line_1_29' title="bbox 154 2688 884 2769; baseline -0.014 -14"><span class='ocrx_word' id='word_1_192' title='bbox 154 2693 278 2756; x_wconf 89' lang='lat' dir='ltr'><strong>stilicidi</strong></span> <span class='ocrx_word' id='word_1_193' title='bbox 300 2709 386 2752; x_wconf 89' lang='lat' dir='ltr'><strong>casus</strong></span> <span class='ocrx_word' id='word_1_194' title='bbox 409 2688 537 2768; x_wconf 85' lang='lat' dir='ltr'><strong>lapidem</strong></span> <span class='ocrx_word' id='word_1_195' title='bbox 560 2695 655 2769; x_wconf 82' lang='lat' dir='ltr'><strong>cavat,</strong></span> <span class='ocrx_word' id='word_1_196' title='bbox 678 2706 772 2748; x_wconf 91' lang='grc'>00000</span> <span class='ocrx_word' id='word_1_197' title='bbox 795 2688 884 2747; x_wconf 91' lang='lat' dir='ltr'><strong>aratri</strong></span> 
     </span>
    </p>

    <p class='ocr_par' dir='ltr' id='par_1_20' title="bbox 153 2777 868 2854">
     <span class='ocr_line' id='line_1_30' title="bbox 153 2777 868 2854; baseline -0.014 -11"><span class='ocrx_word' id='word_1_198' title='bbox 153 2784 270 2843; x_wconf 81' lang='lat' dir='ltr'><strong>ferreus</strong></span> <span class='ocrx_word' id='word_1_199' title='bbox 295 2779 408 2840; x_wconf 87' lang='lat' dir='ltr'><strong>occulte</strong></span> <span class='ocrx_word' id='word_1_200' title='bbox 433 2778 579 2837; x_wconf 88' lang='lat' dir='ltr'><strong>decrescit</strong></span> <span class='ocrx_word' id='word_1_201' title='bbox 600 2795 703 2836; x_wconf 90' lang='lat' dir='ltr'><strong>vomer</strong></span> <span class='ocrx_word' id='word_1_202' title='bbox 725 2779 755 2836; x_wconf 93' lang='grc'><strong>10</strong></span> <span class='ocrx_word' id='word_1_203' title='bbox 779 2777 868 2854; x_wconf 89' lang='lat' dir='ltr'><strong>arvis,</strong></span> 
     </span>
    </p>

    <p class='ocr_par' dir='ltr' id='par_1_21' title="bbox 82 2863 1092 3035">
     <span class='ocr_line' id='line_1_31' title="bbox 82 2863 1092 2949; baseline -0.013 -15"><span class='ocrx_word' id='word_1_204' title='bbox 82 2880 135 2934; x_wconf 88' lang='grc'><strong>315</strong></span> <span class='ocrx_word' id='word_1_205' title='bbox 153 2877 304 2949; x_wconf 91' lang='lat' dir='ltr'><strong>strataque</strong></span> <span class='ocrx_word' id='word_1_206' title='bbox 327 2870 387 2928; x_wconf 93' lang='lat' dir='ltr'><strong>iam</strong></span> <span class='ocrx_word' id='word_1_207' title='bbox 409 2865 487 2944; x_wconf 84' lang='lat' dir='ltr'><strong>volgi</strong></span> <span class='ocrx_word' id='word_1_208' title='bbox 509 2863 636 2943; x_wconf 90' lang='lat' dir='ltr'><strong>pedibus</strong></span> <span class='ocrx_word' id='word_1_209' title='bbox 659 2863 766 2924; x_wconf 88' lang='lat' dir='ltr'><strong>detrita</strong></span> <span class='ocrx_word' id='word_1_210' title='bbox 788 2865 902 2923; x_wconf 89' lang='lat' dir='ltr'><strong>viarum</strong></span> <span class='ocrx_word' id='word_1_211' title='bbox 1053 2872 1092 2912; x_wconf 75' lang='lat'><strong>⁸1⁵</strong></span> 
     </span>
     <span class='ocr_line' id='line_1_32' title="bbox 83 2954 928 3035; baseline -0.014 -15"><span class='ocrx_word' id='word_1_212' title='bbox 83 2970 134 3020; x_wconf 89' lang='grc'><strong>310</strong></span> <span class='ocrx_word' id='word_1_213' title='bbox 154 2978 242 3021; x_wconf 84' lang='lat' dir='ltr'><strong>saxea</strong></span> <span class='ocrx_word' id='word_1_214' title='bbox 266 2957 479 3035; x_wconf 81' lang='lat' dir='ltr'><strong>conspicimus3</strong></span> <span class='ocrx_word' id='word_1_215' title='bbox 502 2959 565 3013; x_wconf 88' lang='lat' dir='ltr'><strong>tum</strong></span> <span class='ocrx_word' id='word_1_216' title='bbox 587 2959 688 3031; x_wconf 90' lang='lat' dir='ltr'><strong>portas</strong></span> <span class='ocrx_word' id='word_1_217' title='bbox 711 2958 833 3031; x_wconf 90' lang='lat' dir='ltr'><strong>propter</strong></span> <span class='ocrx_word' id='word_1_218' title='bbox 855 2954 928 3010; x_wconf 76' lang='grc'>0000</span> 
     </span>
    </p>

    <p class='ocr_par' dir='ltr' id='par_1_22' title="bbox 155 3040 869 3127">
     <span class='ocr_line' id='line_1_33' title="bbox 155 3040 869 3127; baseline -0.013 -19"><span class='ocrx_word' id='word_1_219' title='bbox 155 3050 239 3127; x_wconf 84' lang='lat' dir='ltr'><strong>signa</strong></span> <span class='ocrx_word' id='word_1_220' title='bbox 262 3062 368 3105; x_wconf 90' lang='lat' dir='ltr'><strong>manus</strong></span> <span class='ocrx_word' id='word_1_221' title='bbox 391 3043 510 3104; x_wconf 86' lang='lat' dir='ltr'><strong>dextras</strong></span> <span class='ocrx_word' id='word_1_222' title='bbox 533 3040 693 3101; x_wconf 90' lang='lat' dir='ltr'><strong>ostendunt</strong></span> <span class='ocrx_word' id='word_1_223' title='bbox 715 3041 869 3100; x_wconf 88' lang='lat' dir='ltr'><strong>adtenuari</strong></span> 
     </span>
    </p>

    <p class='ocr_par' dir='ltr' id='par_1_23' title="bbox 155 3133 930 3214">
     <span class='ocr_line' id='line_1_34' title="bbox 155 3133 930 3214; baseline -0.017 -17"><span class='ocrx_word' id='word_1_224' title='bbox 155 3152 245 3214; x_wconf 90' lang='lat' dir='ltr'><strong>saepe</strong></span> <span class='ocrx_word' id='word_1_225' title='bbox 269 3133 447 3193; x_wconf 89' lang='lat' dir='ltr'><strong>salutantum</strong></span> <span class='ocrx_word' id='word_1_226' title='bbox 470 3135 550 3188; x_wconf 88' lang='lat' dir='ltr'><strong>tactu</strong></span> <span class='ocrx_word' id='word_1_227' title='bbox 572 3136 750 3207; x_wconf 90' lang='lat' dir='ltr'><strong>praeterque</strong></span> <span class='ocrx_word' id='word_1_228' title='bbox 773 3133 930 3188; x_wconf 91' lang='lat' dir='ltr'><strong>meantum.</strong></span> 
     </span>
    </p>

    <p class='ocr_par' dir='ltr' id='par_1_24' title="bbox 152 3214 961 3300">
     <span class='ocr_line' id='line_1_35' title="bbox 152 3214 961 3300; baseline -0.017 -15"><span class='ocrx_word' id='word_1_229' title='bbox 152 3225 227 3285; x_wconf 90' lang='lat' dir='ltr'><strong>haec</strong></span> <span class='ocrx_word' id='word_1_230' title='bbox 250 3219 343 3300; x_wconf 85' lang='lat' dir='ltr'><strong>igitur</strong></span> <span class='ocrx_word' id='word_1_231' title='bbox 365 3220 473 3298; x_wconf 87' lang='lat' dir='ltr'><strong>minui,</strong></span> <span class='ocrx_word' id='word_1_232' title='bbox 497 3235 564 3277; x_wconf 91' lang='lat' dir='ltr'><strong>cum</strong></span> <span class='ocrx_word' id='word_1_233' title='bbox 587 3218 648 3277; x_wconf 90' lang='lat' dir='ltr'><strong>sint</strong></span> <span class='ocrx_word' id='word_1_234' title='bbox 670 3217 790 3296; x_wconf 87' lang='lat' dir='ltr'><strong>detrita,</strong></span> <span class='ocrx_word' id='word_1_235' title='bbox 813 3214 961 3276; x_wconf 83' lang='lat' dir='ltr'><strong>videmus:</strong></span> 
     </span>
    </p>

    <p class='ocr_par' dir='ltr' id='par_1_25' title="bbox 86 3258 1094 3526">
     <span class='ocr_line' id='line_1_36' title="bbox 86 3304 1094 3390; baseline -0.016 -17"><span class='ocrx_word' id='word_1_236' title='bbox 86 3321 138 3374; x_wconf 81' lang='lat'><strong>320</strong></span> <span class='ocrx_word' id='word_1_237' title='bbox 154 3313 207 3373; x_wconf 91' lang='lat' dir='ltr'><strong>sed</strong></span> <span class='ocrx_word' id='word_1_238' title='bbox 232 3328 308 3390; x_wconf 89' lang='lat' dir='ltr'><strong>quae</strong></span> <span class='ocrx_word' id='word_1_239' title='bbox 331 3325 455 3387; x_wconf 87' lang='lat' dir='ltr'><strong>corpora</strong></span> <span class='ocrx_word' id='word_1_240' title='bbox 477 3304 621 3365; x_wconf 88' lang='lat' dir='ltr'><strong>decedant</strong></span> <span class='ocrx_word' id='word_1_241' title='bbox 643 3308 674 3365; x_wconf 91' lang='lat' dir='ltr'><strong>in</strong></span> <span class='ocrx_word' id='word_1_242' title='bbox 697 3312 831 3383; x_wconf 88' lang='lat' dir='ltr'><strong>tempore</strong></span> <span class='ocrx_word' id='word_1_243' title='bbox 855 3318 985 3381; x_wconf 83' lang='lat' dir='ltr'><strong>quoque,</strong></span> <span class='ocrx_word' id='word_1_244' title='bbox 1055 3312 1094 3351; x_wconf 74' lang='lat'><strong>³20</strong></span> 
     </span>
     <span class='ocr_line' id='line_1_37' title="bbox 86 3258 1052 3526; baseline -0.013 -66"><span class='ocrx_word' id='word_1_245' title='bbox 86 3411 134 3460; x_wconf 87' lang='grc'><strong>315</strong></span> <span class='ocrx_word' id='word_1_246' title='bbox 152 3399 254 3461; x_wconf 93' lang='lat' dir='ltr'><strong>invida</strong></span> <span class='ocrx_word' id='word_1_247' title='bbox 277 3396 438 3477; x_wconf 89' lang='lat' dir='ltr'><strong>praeclusit</strong></span> <span class='ocrx_word' id='word_1_248' title='bbox 460 3389 483 3473; x_wconf 82' lang='lat'>†</span> <span class='ocrx_word' id='word_1_249' title='bbox 507 3395 638 3472; x_wconf 88' lang='lat' dir='ltr'><strong>speciem</strong></span> <span class='ocrx_word' id='word_1_250' title='bbox 660 3401 764 3466; x_wconf 72' lang='lat' dir='ltr'><strong>natura</strong></span> <span class='ocrx_word' id='word_1_251' title='bbox 787 3390 915 3453; x_wconf 88' lang='lat' dir='ltr'><strong>videndi.</strong></span> <span class='ocrx_word' id='word_1_252' title='bbox 953 3258 1052 3526; x_wconf 37' lang='lat' dir='ltr'><strong>(JK</strong></span> 
     </span>
    </p>
   </div>
   <div class='ocr_carea' id='block_1_3' title="bbox 152 3478 919 3572">
    <p class='ocr_par' dir='ltr' id='par_1_26' title="bbox 152 3478 919 3572">
     <span class='ocr_line' id='line_1_38' title="bbox 152 3478 919 3572; baseline -0.021 -20"><span class='ocrx_word' id='word_1_253' title='bbox 152 3496 306 3572; x_wconf 89' lang='lat' dir='ltr'><strong>postremo</strong></span> <span class='ocrx_word' id='word_1_254' title='bbox 331 3500 533 3565; x_wconf 90' lang='lat' dir='ltr'><strong>quaecumque</strong></span> <span class='ocrx_word' id='word_1_255' title='bbox 556 3482 621 3542; x_wconf 86' lang='lat' dir='ltr'><strong>dies</strong></span> <span class='ocrx_word' id='word_1_256' title='bbox 643 3490 807 3562; x_wconf 90' lang='lat' dir='ltr'><strong>naturaque</strong></span> <span class='ocrx_word' id='word_1_257' title='bbox 830 3478 919 3540; x_wconf 91' lang='lat' dir='ltr'><strong>rebus</strong></span> 
     </span>
    </p>
   </div>
   <div class='ocr_carea' id='block_1_4' title="bbox 0 0 1264 3800">
    <p class='ocr_par' dir='ltr' id='par_1_27' title="bbox 0 0 1264 3800">
     <span class='ocr_line' id='line_1_39' title="bbox 0 0 1264 3800; baseline 0 0"><span class='ocrx_word' id='word_1_258' title='bbox 0 0 1264 3800; x_wconf 95' lang='lat' dir='ltr'><strong> </strong></span> 
     </span>
    </p>
   </div>
  </div>
 </body>
</html>
