2484 3800
159 150 222 215 136
644 149 671 202 V

158 314 210 364 181
228 294 393 373 exemplum
415 311 505 373 porro
528 294 685 373 gignundis
708 294 797 355 rebus
819 302 850 355 et
872 296 937 372 ipsa

228 386 348 445 notities
371 382 446 441 divis
468 382 620 443 hominnm
642 382 750 443 undest
772 384 860 442 insita
881 384 1024 461 primum,

229 471 299 551 quid
323 470 429 530 vellent
451 471 547 530 faeere
571 478 604 531 ut
627 472 738 530 seirent
760 473 916 549 animoque
939 470 1082 549 viderent,

230 577 322 638 quove
345 559 461 618 modost
482 576 621 636 umquam
644 561 688 618 vis
711 561 826 636 cognita
848 559 1072 637 principiorum,

161 663 209 713 175
230 648 358 727 quidque
381 649 462 707 inter·
481 665 546 707 sese
569 654 735 725 permutato
759 646 862 706 ordine
884 652 1020 725 possent,
1116 665 1153 705 aas

158 752 214 803 186
229 739 255 795 si
278 753 336 795 non
359 737 423 813 ipsa
445 734 527 794 dedit
549 737 700 813 specimen
722 742 826 795 natura
849 731 991 794 creandi?
1208 732 1212 741 '

229 842 355 902 namque
378 825 419 882 ita
441 821 533 883 multa
554 823 650 883 modis
673 821 774 883 multis
796 822 957 901 primordia
980 839 1078 881 rerum

231 931 267 973 ex
289 912 403 972 inlinito
427 912 485 970 iam
507 917 640 989 tempore
662 913 775 989 percita
797 910 891 989 plagis

230 999 468 1080 ponderibusque
492 1001 553 1059 suis
576 1011 757 1060 consuerunt
779 1001 893 1058 concita
916 997 989 1057 lerri

162 1104 212 1153 180
232 1087 465 1165 omnimodisque
489 1089 568 1146 coire
591 1094 679 1164 atque
702 1088 799 1147 omnia
821 1093 1033 1165 pertemptare,
1118 1105 1155 1144 1eo

162 1193 214 1243 191
232 1193 433 1255 quaecumque
456 1175 534 1234 inter
557 1192 589 1234 se
612 1182 734 1254 possent
756 1191 913 1252 congressa
936 1191 1050 1253 creare,

232 1271 264 1325 ut
287 1282 347 1324 non
370 1265 409 1322 sit
430 1264 552 1342 mirum,
576 1264 655 1321 siin
677 1262 743 1322 talis
767 1262 961 1341 disposituras

232 1351 405 1411 deciderunt
428 1368 544 1429 quoque
567 1357 597 1410 et
618 1352 651 1410 in
673 1350 740 1410 talis
763 1368 870 1410 venere
893 1356 1021 1429 meatus,

233 1439 367 1519 qualibus
389 1438 461 1498 haec
484 1456 583 1498 rerum
607 1440 720 1516 geritur
742 1456 821 1498 nuno
845 1455 958 1497 summa
981 1435 1119 1497 novando.

164 1544 214 1593 185
276 1526 359 1598 Quod
377 1524 406 1587 si
424 1528 481 1586 iam
500 1544 601 1586 rerum
620 1528 754 1605 ignorem
772 1524 933 1605 primordia
948 1543 1022 1605 quae
1037 1526 1106 1604 sint,
1121 1545 1156 1585 us

162 1632 216 1681 196
233 1615 289 1675 hoo
310 1621 408 1674 tamen
431 1633 467 1673 ex
490 1616 563 1692 ipsis
587 1613 661 1675 caeli
682 1613 846 1675 rationibus
869 1615 964 1673 ausim

234 1703 406 1762 confirmare
429 1701 553 1780 aliisque
577 1720 613 1761 ex
636 1701 726 1762 rebus
748 1701 873 1762 reddere
895 1700 1010 1780 multis,

233 1807 416 1869 nequaquam
438 1789 524 1849 nobis
546 1789 688 1850 divinitus
711 1807 776 1849 esse
799 1795 930 1868 paratam

233 1885 367 1939 naturam
389 1895 503 1938 rerum:
525 1884 604 1938 tauta
628 1884 685 1938 stat
706 1877 838 1958 praedita
861 1876 954 1956 eulpa,

165 1986 215 2035 100
233 1969 379 2047 principio
403 1973 543 2045 quantum
567 1965 640 2026 caeli
662 1968 736 2044 tegit
757 1968 885 2045 impetus
908 1968 1027 2044 ingens,
1123 1985 1159 2025 eoo

162 2072 220 2123 201
234 2056 302 2115 inde
325 2054 408 2115 avide
431 2061 545 2133 partem
567 2061 684 2114 montes
707 2053 854 2132 silvaeque
878 2054 1008 2114 serarum

233 2142 405 2222 possedere,
429 2148 531 2203 tenent
553 2159 643 2220 rupes
666 2149 822 2220 vastaeque
845 2141 967 2220 paludes

234 2238 264 2291 ot
286 2249 380 2311 mare,
403 2231 481 2309 quod
502 2229 560 2290 late
583 2237 730 2289 terrarum
752 2229 875 2289 distinet
896 2247 971 2288 oras.

233 2319 302 2379 inde
326 2319 397 2378 duas
419 2335 508 2397 porro
531 2335 624 2395 prope
646 2319 739 2395 partis
762 2317 891 2378 fervidus
917 2316 1005 2377 ardor

165 2426 214 2473 195
233 2406 431 2484 adsiduusque
455 2405 512 2484 geli
535 2423 620 2464 casus
643 2404 816 2465 mortalibus
839 2406 942 2465 aufert
1124 2423 1161 2463 ros

163 2494 312 2573 206quod
335 2500 470 2573 superest
492 2495 566 2572 arvi,
589 2499 688 2552 tamen
710 2493 740 2552 id
763 2500 867 2553 natura
891 2511 943 2552 sua
967 2493 996 2551 ri

234 2581 366 2642 sentibus
390 2581 528 2660 obducat,
550 2582 582 2639 ni
603 2583 649 2640 ris
671 2579 799 2641 humana
821 2583 940 2640 resistat

233 2672 303 2730 vitai
326 2687 413 2729 eausa
435 2668 529 2728 rabdo
553 2674 692 2728 consueta
715 2668 828 2728 bidenti

234 2759 383 2836 ingemere
407 2763 436 2816 et
458 2764 568 2816 terram
590 2757 704 2835 pressis
725 2755 917 2834 proscindere
940 2756 1055 2815 aratris.

655 2862 673 2901 a

163 2950 214 2999 200
233 2839 260 2992 'Li
282 2951 341 2992 non
363 2932 503 2992 ieoundas
526 2938 675 2991 vertentes
696 2949 814 2990 vomere
838 2929 937 3008 glebas
1125 2952 1164 2991 no

163 3037 217 3088 211
232 3022 380 3098 terraique
404 3019 499 3080 solum
522 3019 692 3097 subigentes
716 3021 811 3079 cimus
834 3017 869 3077 ad
893 3025 989 3097 ortus,

233 3114 337 3185 sponte
361 3125 413 3166 sua
436 3114 583 3185 nequeant
606 3107 733 3185 liquidas
757 3107 884 3166 existere
907 3107 938 3164 in
957 3103 1081 3185 aurasq

234 3201 263 3254 et
285 3201 384 3254 tamen
405 3194 554 3254 interdum
576 3213 683 3272 magno
707 3196 839 3273 quaesita
861 3191 962 3253 labore

206 3279 209 3286 ’
234 3299 301 3341 oum
324 3282 382 3339 iam
404 3299 458 3358 per
479 3289 574 3342 terras
596 3282 735 3342 frondent
757 3289 844 3361 atque
868 3283 966 3341 omnia
989 3281 1110 3362 llorent,

163 3385 214 3434 205
234 3374 284 3428 aut
306 3368 405 3425 nimiis
428 3374 521 3429 torret
543 3370 709 3430 fervoribus
733 3370 881 3430 aetherius
904 3368 948 3429 sol
1128 3391 1166 3432 su

163 3471 219 3522 216
233 3461 282 3516 aut
305 3453 396 3513 subiti
417 3463 573 3532 peremunt
595 3457 700 3518 imbris
724 3458 896 3538 gelidaeque
918 3460 1057 3538 pruinae,
