2484 3800
98 157 141 222 84
578 144 618 197 111

169 300 247 381 quod
270 300 336 358 lieri
357 302 451 356 totum
474 299 576 353 contra
598 287 753 350 manifesta
776 283 863 343 docet
885 296 948 339 res:
1074 296 1117 337 eoo

101 406 151 460 aaa
170 405 295 466 namque
318 388 360 445 ita
382 387 522 444 conerast
542 397 596 459 per
618 393 708 436 venas
730 374 843 432 viscera
866 384 974 427 nervos

171 492 309 554 ossaque,
331 474 376 533 uti
398 471 502 531 dentes
525 483 643 546 quoque
666 479 757 523 sensu
778 458 1010 537 participentur3

172 562 293 625 morbus
315 567 349 621 ut
370 558 494 638 indicat,
517 562 548 615 et
569 552 676 632 gelidai
698 550 829 625 stringor
851 544 953 622 aquai,

173 659 203 713 et
224 651 299 729 lapis
321 663 481 726 oppressus
503 641 601 703 subito
624 640 672 701 bis
696 656 712 698 e
735 633 871 713 frugibus
894 647 992 709 asper.
1073 647 1119 687 asc

174 757 264 819 quare
272 738 454 812 etiamatque
462 726 785 807 etiamnequeoriginis
793 739 860 783 esse
867 716 1064 799 putandumst
1074 736 1118 776 aaa

106 846 157 895 ceo
175 827 305 905 expertis
327 825 439 883 animas
461 837 517 880 nec
538 817 591 877 leti
613 816 678 893 lege
702 812 826 873 solutas:

175 932 243 976 nam
264 930 361 990 neque
384 916 464 969 tanto
488 923 577 986 opere
599 904 718 964 adnecti
740 899 873 978 potuisse
895 892 1095 973 putandumst

177 1000 350 1081 corporibus
372 998 482 1058 nostris
505 995 690 1054 extrinsecus
712 989 891 1063 insinuatas,

177 1108 245 1169 nee,
266 1096 327 1148 tam
349 1091 502 1146 contextae
524 1098 592 1142 cum
615 1080 688 1157 sint,
711 1077 793 1136 exire
816 1072 955 1132 ridentur
1080 1086 1124 1128 cos

178 1175 340 1238 incolumes
363 1190 450 1252 posse
473 1177 503 1231 et
526 1168 620 1229 salvas
643 1164 794 1226 exsolvere
817 1178 883 1221 sese

110 1283 161 1333 coa
180 1262 315 1326 omnibus
338 1280 355 1321 e
377 1261 476 1320 nervis
498 1264 586 1335 atque
609 1252 727 1314 ossibus
751 1248 952 1325 articulisque,

181 1352 258 1432 quod
282 1353 307 1411 si
330 1350 405 1410 lorte
426 1353 513 1425 putas
535 1345 720 1404 extrinsecus
742 1339 922 1398 insinuatam

181 1456 352 1519 permanare
375 1438 502 1495 animam
524 1430 610 1492 uobis
632 1448 687 1509 per
708 1424 842 1487 membra
866 1422 976 1501 solere,

182 1533 262 1588 tanto
286 1527 394 1603 quique
417 1523 510 1599 magis
533 1537 601 1579 cum
625 1533 748 1594 corpore
771 1514 837 1574 fusa
859 1510 980 1590 peribit.
1086 1528 1128 1569 roo

182 1609 192 1697 ll
205 1612 283 1692 quod
306 1616 458 1690 permanat
480 1610 572 1687 enim,
595 1604 779 1682 dissolvitur,
801 1602 905 1660 interit
928 1614 1010 1675 ergo.
1028 1593 1041 1675 ΙΙ

115 1719 166 1770 roo
185 1701 358 1779 dispertitus
381 1699 459 1758 enim
481 1714 535 1774 per
558 1692 656 1754 caulas
679 1690 813 1768 corporis
838 1688 934 1747 omnis

185 1786 337 1866 uicibus,
359 1787 391 1844 in
411 1782 543 1844 membra
565 1788 653 1859 atque
677 1786 758 1839 artus
782 1794 850 1837 cum
873 1774 987 1835 diditur
1012 1772 1129 1851 omnis,

185 1876 310 1954 disperit
331 1880 418 1952 atque
440 1870 528 1932 aliam
548 1875 684 1930 naturam
707 1866 819 1928 sullicit
840 1881 877 1924 ex
901 1880 947 1943 se,

187 1967 230 2024 sic
252 1964 349 2022 anima
370 1968 457 2038 atque
479 1961 596 2018 animus
618 1957 752 2035 quamvis
774 1956 890 2031 integra
907 1967 1016 2011 recens
1035 1946 1073 2009 in
1089 1968 1129 2010 ros

188 2069 295 2129 corpus
318 2055 401 2128 eunt,
422 2054 521 2107 tamen
543 2048 575 2106 iu
597 2043 742 2104 manando
766 2040 984 2118 dissoluuntur,

120 2155 170 2205 roa
188 2139 259 2199 dum
281 2138 364 2215 quasi
386 2154 440 2214 per
462 2133 560 2194 caulas
582 2133 679 2191 omnis
702 2129 845 2191 diduntur
867 2131 899 2188 iu
922 2132 1007 2187 artus

188 2224 347 2306 particulae
370 2222 478 2301 quibus
499 2221 572 2280 haec
594 2221 687 2279 animi
708 2225 813 2278 natura
835 2222 969 2294 creatur,

189 2332 263 2393 quae
285 2329 364 2372 nunc
386 2313 418 2370 in
441 2316 542 2369 nostro
566 2306 735 2367 dominatur
757 2322 882 2384 corpore
905 2310 974 2363 nata

190 2420 225 2461 ex
247 2399 297 2459 illa
319 2416 393 2478 quac
415 2405 479 2457 tum
501 2396 591 2474 periit
612 2396 721 2473 partita
743 2411 797 2472 per
820 2399 911 2452 artus.
1095 2410 1135 2456 no

190 2493 369 2567 quapropter
390 2502 485 2564 neque
508 2482 598 2542 natali
619 2484 733 2561 privata
757 2479 874 2540 videtur

123 2591 257 2639 maesse
279 2574 327 2634 die
349 2578 453 2632 natura
475 2573 588 2630 animae
612 2588 668 2629 nec
690 2569 805 2629 funeris
828 2585 945 2646 expers.

235 2662 353 2721 Semina
373 2666 525 2738 praeterea
547 2658 732 2737 linquontur,
755 2674 863 2736 necne,
887 2655 998 2714 animai

192 2766 315 2827 corpore
337 2749 369 2806 in
391 2742 546 2807 exanimo?
581 2744 661 2823 quod
685 2747 710 2804 si
732 2744 885 2804 lincuntur
907 2749 938 2801 ct
960 2744 1082 2821 insunt,

192 2836 263 2895 baut
285 2837 342 2894 erit
363 2841 397 2894 ut
417 2837 524 2895 merito
546 2831 711 2893 inmortalis
733 2833 828 2910 possit
850 2829 969 2910 baberi,
1097 2851 1139 2892 na

194 2921 325 2999 partibus
348 2923 464 2982 amissis
487 2923 626 3000 quoniam
648 2919 738 2979 libata
760 2921 900 2979 recessit:

127 3023 178 3072 715
196 3010 243 3066 sin
264 3010 305 3067 ita
327 3009 451 3069 sinceris
474 3008 614 3070 membris
638 3007 731 3068 ablata
754 3007 899 3086 profugit,

196 3102 229 3153 ut
250 3093 345 3153 nullas
367 3098 458 3172 partis
481 3099 513 3157 in
535 3096 658 3175 corpore
682 3095 803 3173 liquerit
826 3112 863 3154 ex
887 3111 935 3173 se,

197 3180 274 3239 unde
297 3179 435 3241 cadavera
458 3187 591 3244 rancenti
613 3186 672 3243 iam
694 3185 807 3242 viscere
830 3199 949 3241 vermes

199 3269 346 3344 expirant,
369 3273 455 3344 alque
477 3271 555 3330 unde
578 3272 760 3330 animantum
783 3271 868 3347 copia
891 3275 975 3328 tanta
1103 3290 1144 3329 no

200 3369 270 3411 exos
293 3358 322 3410 et
344 3359 500 3432 exsanguis
523 3357 653 3417 tumidos
675 3355 852 3435 perfluctuat
871 3352 976 3416 artus?

132 3452 183 3500 ⁷20
203 3437 279 3515 quod
302 3439 329 3496 si
351 3436 426 3499 forte
449 3445 560 3502 animas
584 3447 768 3506 extrinsecus
791 3445 939 3504 insinuari
