2484 3800
160 166 204 229 98
642 162 681 217 IV

161 329 197 377 11
213 317 369 371 nascentes
390 312 524 390 mittunt,
547 312 671 370 etitem
694 328 761 371 cum
783 309 897 370 lubrica
921 325 1042 387 sarpam

215 401 297 459 exuit
318 400 350 459 in
373 400 466 477 spinis
488 404 612 458 vestem:
636 415 704 458 nam
727 416 814 477 saepe
836 397 970 457 videmus

162 486 332 554 cailtanum
354 484 458 564 spoliis
479 504 584 564 vepres
607 486 796 547 volitantibus
819 493 933 546 auctas:

216 593 290 653 quae
313 575 451 653 quoniam
473 574 560 654 fiunt,
582 576 681 635 tenuis
704 592 820 653 quoquc
843 573 932 633 dehet
954 576 1050 652 imago

215 663 251 723 ah
274 662 365 723 rebus
386 664 477 742 mitti,
502 680 616 721 summo
639 662 676 722 de
700 680 823 742 corpore
846 680 955 722 rerum.

162 766 197 817 oo
215 769 283 811 nam
305 769 359 811 cur
381 750 430 810 illa
453 749 557 810 cadant
579 753 673 828 magis
696 750 733 810 ab
755 749 903 828 rebusque
926 749 1069 810 recedant
1149 771 1179 811 aa

216 857 303 918 quam
325 856 399 917 quae
421 840 520 898 tenvia
542 845 624 919 sunt,
646 838 810 899 hiscendist
831 837 912 898 nulla
934 843 1082 917 potestas:

163 942 200 993 65
215 929 390 1006 praesertim
412 945 480 987 cum
502 928 562 985 sint
584 928 616 985 in
639 928 762 987 summis
785 944 908 1004 corpora
929 925 1021 986 rebus

215 1014 308 1075 multa
329 1016 457 1095 minuta,
478 1016 536 1074 iaci
558 1032 633 1092 quae
655 1017 770 1093 possint
792 1014 895 1074 ordine
918 1014 1023 1075 eodem

216 1120 274 1183 quo
298 1103 408 1163 tuerint
430 1109 460 1162 et
481 1102 586 1162 formai
609 1120 726 1162 servare
749 1103 885 1183 figmam,

164 1208 198 1257 11
217 1199 247 1252 11
268 1190 361 1251 multo
383 1192 484 1271 citius,
507 1197 616 1269 quanto
638 1193 737 1251 minus
759 1190 929 1269 indupediri

216 1298 309 1359 pauca
331 1285 444 1357 queunt
465 1285 495 1339 et
516 1295 595 1356 qaae
618 1285 688 1338 sunt
708 1280 805 1357 prima
827 1279 923 1338 1111111
946 1277 1049 1339 locata.

164 1384 201 1433 70
217 1385 285 1428 uam
308 1374 388 1427 certe
410 1369 507 1427 iacere
529 1385 563 1426 ac
585 1365 687 1445 largiri
708 1366 800 1427 multa
823 1365 970 1448 videmus,

216 1473 277 1515 non
300 1454 396 1515 solum
418 1472 455 1514 11
477 1454 535 1514 1111
557 1456 747 1534 penitusque,
769 1462 803 1515 ut
825 1454 952 1515 diximus
976 1461 1059 1536 ante,

217 1561 319 1603 verum
343 1543 379 1603 de
403 1545 525 1602 summis
548 1544 646 1621 ipsum
669 1560 785 1621 quoque
808 1561 896 1621 saepe
918 1541 1059 1603 colorem.

166 1647 198 1695 75
218 1638 248 1691 et
270 1629 353 1708 volgo
376 1630 486 1690 iaciunt
509 1629 540 1689 id
562 1629 641 1690 lutea
664 1648 806 1709 russaque
829 1630 892 1691 vela

219 1726 248 1779 et
270 1718 433 1797 ferrugine,
456 1736 523 1778 cum
545 1720 659 1797 magnis
681 1720 795 1779 intenta
816 1718 940 1778 theatris

166 1822 202 1874 75
217 1824 271 1886 per
292 1804 385 1865 malos
408 1804 521 1883 volgata
542 1805 700 1884 trabesque
722 1808 880 1867 trementia
902 1805 1021 1867 ssutant:

218 1912 344 1973 namque
366 1892 408 1953 ibi
432 1912 604 1955 consessum
627 1896 726 1955 caveai
748 1900 851 1974 supter
873 1902 903 1955 et
925 1913 1043 1956 omnem

219 1985 336 2043 scaenai
358 1984 486 2060 speciem
507 1982 628 2043 Parium
648 2001 836 2061 marmorque
858 1983 983 2044 deorum

165 2088 200 2137 80
219 2072 355 2131 inficiunt
377 2077 541 2148 coguntque
565 2088 619 2131 suo
642 2070 757 2131 fluitare
780 2070 892 2131 colore:

220 2166 250 2220 et
272 2165 379 2237 quanto
403 2160 515 2218 circum
537 2175 621 2237 mage
645 2166 714 2219 sunt
735 2158 848 2219 inclusa
870 2159 979 2218 theatri

141 2249 349 2327 1111111111,
371 2252 430 2306 tam
453 2248 546 2323 magis
569 2246 625 2306 hoc
647 2249 727 2306 intus
749 2247 869 2326 perfusa
890 2246 992 2325 lepore

219 2337 317 2396 omnia
340 2333 495 2394 conrident
517 2340 653 2413 correpta
674 2333 740 2394 luce
764 2334 831 2395 diei.

219 2441 289 2502 ergo
312 2422 402 2482 lintea
425 2422 462 2482 de
478 2439 599 2504 ‘summo
623 2440 691 2482 cum
714 2440 837 2501 corpore
860 2422 960 2483 fucum

166 2527 200 2576 85
218 2515 352 2590 mittunt,
375 2511 487 2588 effigias
510 2527 627 2588 quoque
651 2508 760 2569 dehent
780 2513 898 2572 mittere
921 2512 1018 2570 tenvis
1151 2533 1180 2574 aa

219 2617 268 2658 res
291 2615 438 2677 quaeque,
460 2615 496 2657 11
519 2614 634 2657 summo
659 2600 797 2676 quoniam
819 2598 983 2658 iaculantur
1006 2605 1145 2679 utraque.

166 2702 204 2752 35
220 2693 290 2746 sunt
312 2687 403 2763 igitur
424 2687 483 2744 iam
504 2684 665 2744 formarum
688 2687 811 2764 vestigia
834 2693 927 2767 certa,

220 2791 294 2852 quae
317 2772 401 2850 volgo
424 2771 546 2832 volitant
568 2771 671 2833 subtili
692 2773 824 2851 praedita
847 2773 895 2832 1111

219 2879 275 2921 nec
298 2860 469 2938 singillatim
491 2867 615 2938 possunt
639 2867 752 2921 secreta
774 2861 876 2921 videri.

167 2963 202 3012 11
219 2954 372 3028 praeterea
394 2950 490 3008 omnis
513 2947 586 3007 odor
608 2948 706 3008 fumus
729 2966 820 3027 vapor
842 2956 929 3027 atque
953 2947 1028 3010 aliae
1052 2968 1103 3011 res
1154 2975 1184 3014 oo

221 3035 389 3096 consimiles
413 3036 479 3096 ideo
502 3035 625 3095 diffusae
649 3054 665 3096 e
688 3035 779 3096 rebus
800 3035 962 3116 abundant,

166 3140 257 3190 9111
280 3122 338 3182 1111
361 3125 429 3200 quia
452 3123 523 3184 dum
545 3125 668 3183 veniunt
689 3125 868 3184 intrinsecus
891 3131 986 3205 ortae,

222 3209 398 3270 scinduntur
420 3229 474 3289 per
496 3213 554 3271 iter
576 3210 698 3293 flexum,
721 3229 776 3271 nec
799 3218 879 3272 recta
901 3213 1017 3273 viarum

222 3299 297 3356 ostia
320 3303 401 3376 sunt,
423 3316 480 3375 qua
503 3299 682 3359 contendant
704 3301 784 3359 11111
808 3306 933 3360 coortae.

168 3391 253 3450 9111
275 3390 376 3443 contra
398 3387 497 3444 tenuis
520 3389 626 3444 summi
649 3386 819 3447 membrana
843 3387 950 3448 1111111
1158 3415 1187 3456 aa

224 3489 292 3532 cum
314 3472 434 3550 iacitur,
456 3471 498 3531 nil
521 3479 566 3531 cst
589 3474 668 3552 quod
691 3493 755 3535 eam
778 3475 947 3555 discerpere
969 3479 1082 3560 possit,
