2484 3800
172 150 198 204 X
309 184 314 195 -
533 148 814 204 PROLEGOMENA.

171 304 286 358 tantum
312 315 372 357 nou
399 295 534 357 omnibus
563 296 717 376 epistulam
744 296 823 356 illam
852 296 943 356 edidit
969 299 1001 356 in
1027 315 1063 356 eo
1089 296 1177 377 libro,

173 389 224 464 qui
255 381 423 464 ‘Epicurea'
455 387 615 463 inscriptus
647 403 724 444 anno
757 381 842 446 1885
874 387 1037 463 impressus
1069 391 1114 444 est
1144 387 1177 444 iu

173 473 293 533 aedibus
316 473 347 533 B.
372 471 404 532 G.
427 472 584 532 Teubneri.
630 475 681 550 qui
706 472 782 532 liber
804 490 871 533 cum
894 471 949 532 alia
971 473 1048 532 bona
1069 472 1178 532 babeat

172 561 307 642 plurima,
329 568 392 621 tum
415 560 486 621 illud
509 579 579 639 prae
599 563 717 641 ceteris,
739 560 816 639 quod
840 563 1017 639 optimorum
1040 560 1177 620 codicum

172 650 313 710 lectiones
335 667 394 710 uno
418 651 449 708 in
472 655 632 727 conspectu
654 648 853 727 inspiciendas
874 651 1021 728 proponit.
1067 652 1177 728 scripsi

173 739 263 818 igitur
278 737 333 797 hac
351 737 476 797 Useneri
495 754 583 815 opera
602 735 719 797 adiutus
738 754 813 796 anuo
833 733 918 798 1888
938 737 1177 797 dissertationem

173 825 209 885 de
237 832 402 886 atomorum
428 824 640 903 Epicureorum
667 832 748 885 motu
771 823 939 905 principali,
967 843 1041 903 quae
1064 827 1178 884 inserta
1232 818 1233 821 '

173 919 218 973 est
245 912 501 974 dissertationibus
525 912 710 991 philologieis
732 912 856 972 Martino
879 911 996 972 Hertzio
1024 912 1176 973 dedicatis.

172 1001 298 1080 denique
330 1019 438 1082 nuper,
470 1004 488 1062 i.
518 1019 542 1060 e.
578 1003 712 1080 proximo
742 1019 832 1080 anuo,
863 999 985 1079 Epicuri
1017 1000 1053 1060 de
1084 1003 1178 1061 animi

172 1092 343 1168 animaeque
379 1096 483 1150 natura
514 1089 678 1149 doctrinam
711 1088 839 1168 explicui
870 1087 968 1147 libello
1001 1087 1176 1148 scholastico

171 1177 299 1238 Halensi.
350 1180 377 1237 si
404 1195 478 1256 quae
509 1183 662 1255 praeterea
693 1178 799 1255 scripsi
826 1176 862 1236 de
889 1175 1009 1236 Lucreti
1036 1179 1177 1258 carmine,

171 1269 352 1326 mentionem
374 1265 479 1325 faciam
501 1264 552 1324 ubi
574 1283 624 1324 res
646 1264 813 1343 postulabit.
1232 1338 1233 1345 ἵ

258 1353 319 1413 Iam
355 1359 389 1412 ut
424 1359 561 1431 appareat
596 1370 718 1412 necesse
749 1353 841 1413 fuisse
873 1352 909 1412 de
940 1371 1040 1412 rerum
1071 1359 1178 1413 natura
1232 1380 1233 1391 ¹

172 1443 311 1502 carminis
326 1440 524 1501 emendationi
532 1458 586 1519 pro
596 1440 784 1500 fundamento
795 1439 967 1501 substruere
976 1440 1177 1520 physiologiae

171 1529 333 1608 Epicureae
375 1530 584 1608 coguitionem,
625 1531 726 1607 paucis
756 1527 840 1587 ’10010
876 1547 911 1588 00
951 1547 1056 1607 magua
1092 1532 1178 1608 copia

172 1617 354 1696 depromptis
381 1616 587 1676 demonstrabo
611 1623 641 1676 et
662 1615 880 1676 Lachmanuum
903 1623 933 1676 et
955 1616 1027 1676 alios
1050 1635 1115 1676 eam
1137 1616 1176 1676 ob
1232 1670 1233 1675 ,

172 1724 236 1765 rem
251 1724 337 1784 saepe
350 1722 499 1784 peccasse,
518 1704 595 1782 quod
609 1721 679 1785 res,
695 1722 768 1782 quas
791 1702 918 1782 explicat
936 1702 1102 1784 Lucretius
1125 1712 1178 1765 aut

172 1811 232 1853 non
254 1795 475 1871 perspexissent
497 1801 547 1852 aut
569 1792 604 1852 ad
628 1811 677 1852 eas
700 1810 804 1871 parum
827 1791 1020 1852 attenderent.
1057 1794 1178 1853 initium
1232 1862 1233 1879 χ

172 1882 276 1942 faciam
299 1880 335 1941 ab
358 1879 494 1941 versibus
517 1879 586 1940 libri
603 1878 696 1943 1622
714 1887 744 1941 00
758 1876 833 1962 625,
855 1880 907 1941 ubi
930 1887 1002 1959 quot
1019 1883 1076 1941 viri
1096 1881 1178 1942 docti
1232 1911 1233 1950 3

172 1969 363 2049 Lachmanni,
387 1988 474 2048 quem
496 1968 674 2047 Bernaysius
698 1976 817 2030 secutus
840 1976 899 2050 est,
922 1982 1054 2029 errorem
1077 1972 1178 2030 00001-

173 2060 279 2138 cerint,
308 2057 384 2136 apud
406 2057 531 2118 Pollium
553 2057 653 2118 videas
677 2059 709 2117 in
732 2056 885 2117 annalibus
908 2056 966 2116 illis
990 2056 1178 2119 Lucretianis

173 2163 246 2224 quos
262 2164 350 2224 supra
364 2145 486 2205 laudavi.
519 2164 587 2207 cum
601 2148 679 2206 enim
688 2145 843 2206 Lucretius
855 2145 923 2205 inde
934 2164 1048 2205 000000
1057 2142 1121 2207 593
1133 2179 1178 2189 -·-
1232 2217 1233 2220 Ἴ

172 2233 223 2294 ubi
255 2252 325 2294 sane
357 2232 459 2294 lacuna
490 2240 535 2293 est
562 2267 604 2276 —
632 2252 726 2312 usque
754 2233 791 2293 ad
813 2252 930 2293 versum
959 2230 1022 2296 621
1051 2233 1087 2293 de
1114 2241 1178 2294 ato·
1232 2245 1233 2274 ¹

171 2340 287 2382 morum
313 2321 446 2400 partibus
473 2324 604 2381 minimis
632 2322 801 2401 disputarit,
828 2339 902 2399 quae
925 2323 965 2381 ita
988 2328 1022 2381 ut
1045 2326 1179 2400 separari
1232 2331 1233 2392 ἴ

171 2428 231 2470 nou
253 2416 374 2489 possent
396 2416 531 2470 naturam
553 2412 686 2488 corporis
709 2409 861 2489 explerent
878 2412 897 2469 i.
913 2428 938 2470 0.
957 2417 1069 2470 atomos
1089 2429 1124 2469 ex
1144 2430 1178 2471 se
1232 2475 1233 2498 ,

172 2500 398 2578 constituerent,
423 2499 463 2557 ita
486 2499 582 2576 pergit
603 2504 637 2557 ut
660 2497 749 2577 dicat,
773 2493 911 2576 ‘denique
934 2500 960 2557 si
984 2500 1121 2558 minimas
1144 2501 1179 2559 in
1232 2507 1233 2566 1

171 2582 275 2665 partis’
304 2580 494 2667 (atomorum,
522 2603 581 2645 non
608 2588 640 2645 in
662 2592 774 2645 atomos
797 2580 925 2667 tantum)
947 2604 1048 2645 rerum
1071 2593 1179 2647 natura
1232 2593 1233 2598 ’

171 2691 220 2732 000
244 2673 412 2753 resolveret,
435 2674 567 2734 futurum
590 2692 656 2733 esse
680 2681 713 2734 ut
731 2672 773 2733 nil
791 2692 827 2733 00
847 2676 890 2733 010
909 2692 1046 2752 reparare
1064 2683 1179 2756 posset,

171 2767 328 2839 propterea
355 2761 432 2839 quod
461 2772 534 2840 quae
562 2760 651 2821 nullis
673 2762 806 2840 partibus
829 2769 930 2822 auctae
953 2769 1053 2822 essent
1077 2795 1119 2804 —
1143 2771 1197 2823 ut.

171 2855 335 2909 atomorum
355 2856 455 2927 partes
473 2851 612 2909 minimae
631 2882 683 2929 —,
701 2869 761 2910 non
778 2857 899 2928 possent
918 2868 951 2910 ea
969 2849 1088 2930 babere,
1110 2846 1179 2928 ‘per

172 2955 245 3015 quae
273 2955 322 2997 res
352 2955 484 3015 quaeque
512 2934 671 3015 gerantur'.
716 2956 790 3016 quae
817 2937 1021 2998 Lachmannus
1048 2941 1088 2998 ita
1116 2956 1180 2999 non

171 3024 325 3104 intellexit,
345 3030 378 3084 ut
400 3023 535 3085 Lambini
557 3028 708 3086 inventum
731 3026 863 3105 probarit
884 3044 938 3105 pro
956 3027 995 3087 se‘
1011 3027 1059 3088 000
1077 3034 1107 3087 00
1121 3045 1178 3104 pro

170 3108 290 3173 0001110
312 3107 438 3173 multis
462 3113 626 3175 scribentis.
668 3133 763 3193 neque
786 3113 893 3174 melius
915 3114 994 3174 idem
1017 3132 1081 3174 rem
1099 3117 1180 3192 gerit

170 3203 202 3260 in
220 3200 284 3261 1000
304 3220 373 3261 sane
393 3199 564 3261 difficillimo
579 3199 799 3283 blod-107,
813 3202 864 3262 ubi
878 3202 953 3262 male
968 3202 1178 3280 distinguendo

171 3289 262 3348 elficit
288 3296 322 3349 ut
343 3296 429 3368 poeta
452 3306 521 3348 saxa
543 3297 573 3350 et
595 3292 707 3351 lerrum
730 3309 868 3369 magnum
890 3309 945 3369 per
967 3293 1053 3350 inane
1076 3293 1179 3368 vagari

171 3376 261 3437 dicat:
298 3395 355 3455 quo
392 3380 423 3436 in
459 3375 523 3436 1000
556 3397 630 3456 quae
664 3382 729 3440 01011
761 3379 846 3439 sedes
878 3385 958 3439 esset
989 3378 1077 3438 docui
1108 3397 1177 3438 ann.
1232 3391 1233 3438 1

170 3464 270 3542 philol.
295 3461 381 3527 1875
400 3485 427 3544 p.
447 3463 526 3545 627,
556 3468 705 3543 profectus
735 3467 772 3528 ab
799 3468 893 3545 ipsius
919 3466 1041 3546 Epicuri
1067 3465 1178 3546 verbis,
