2484 3800
154 154 219 219 206
644 153 683 208 VI
1202 137 1205 288 ΙΙ

153 308 228 361 1270
243 302 341 361 omnia
364 300 492 379 denique
516 308 615 363 saneta
639 302 727 362 deum
750 300 873 362 delubra
895 300 1027 379 replerat

242 388 416 469 eorporibus
439 408 519 450 mors
537 392 693 470 exanimis,
711 396 889 469 onerataque
912 391 1024 468 passim

155 494 223 543 1265
242 484 348 537 cuncta
371 477 561 538 cadaveribus
584 477 744 540 caelestum
766 478 875 556 templa
897 476 1071 556 manebant,

241 564 408 644 hospitibus
431 566 495 626 loca
518 583 592 645 quae
616 566 799 645 complerant
820 566 1012 626 aedituentes.
1113 587 1166 627 nu

241 672 297 715 nee
319 653 378 714 iarn
401 654 505 733 religio
529 653 626 715 divum
649 673 705 715 nee
728 656 850 715 numina
872 656 971 732 magni

153 741 446 821 respondebantur
469 744 561 803 enim:
584 761 726 821 praesens
749 742 833 802 dolor
856 741 1059 821 exsuperabat.

241 848 297 890 nee
319 848 383 891 mos
407 830 456 891 ille
480 830 649 910 sepulturae
671 829 843 891 remanebat
865 832 897 891 in
919 830 1006 910 urbe,

155 932 223 983 1270
242 936 300 998 qno
323 920 391 998 pius
413 919 462 979 hie
485 918 611 998 poprdus
635 938 753 998 semper
775 926 932 981 consuerat
953 918 1084 978 humari:

241 1005 431 1087 perturbatus
454 1010 534 1068 enim
556 1013 637 1067 totus
660 1006 838 1089 trepidabat,
862 1014 892 1067 et
915 1025 992 1068 unus
1110 1028 1164 1068 me

242 1097 368 1175 quisque
391 1113 478 1155 suurn
500 1114 554 1176 pro
577 1114 610 1156 re
634 1097 810 1174 conpositam
831 1102 961 1156 maestus
984 1094 1133 1155 humabat
1215 1087 1217 1142 V

153 1190 231 1243 1280
242 1183 392 1262 multaque
414 1200 463 1245 res
486 1183 583 1244 subita
605 1191 636 1245 et
657 1191 815 1264 paupertas
837 1183 958 1244 horrida
981 1186 1087 1244 suasit:

242 1290 368 1351 namque
392 1290 462 1332 suos
486 1274 720 1351 consanguineos
743 1271 839 1332 aliena
862 1289 1001 1350 rogorum

155 1376 223 1426 1275
242 1362 365 1438 insuper
388 1366 521 1421 extructa
544 1363 657 1439 ingenti
680 1359 807 1421 elamore
830 1359 976 1441 locabant,

244 1448 466 1527 subdebantque
490 1449 582 1529 iaces,
604 1448 696 1509 multo
721 1467 790 1510 eum
812 1451 953 1527 sanguine
975 1466 1063 1526 saepe
1107 1470 1161 1509 ires

243 1539 373 1597 rixantes
395 1538 493 1615 potius
518 1555 605 1615 quam
629 1555 752 1617 corpora
774 1537 992 1597 desererentur.

832 1619 856 1731 i
