2484 3800
573 171 600 224 11

148 335 220 377 nam
242 335 331 395 saepe
354 318 385 377 in
408 316 477 378 colli
499 318 656 379 tondentes
678 320 784 399 pabula
806 322 881 383 laeta

150 406 299 483 lanigerae
321 412 440 483 reptant
461 405 590 485 pecudes
615 426 673 486 quo
697 426 843 489 quamque
866 418 1003 472 vocantes

151 496 277 554 invitant
299 493 408 554 herbae
431 502 613 573 gemmantes
637 514 704 557 rore
728 501 854 580 recenti,

63 589 128 639 320
151 590 183 643 et
205 584 303 643 satiati
325 584 393 660 agni
416 581 521 644 ludunt
543 582 708 663 blandeque
732 594 900 668 coruscant3

152 673 251 731 omnia
273 688 348 749 quae
370 670 456 731 nobis
478 670 564 750 longe
588 674 710 734 confusa
732 674 869 736 videntur

152 768 183 820 et
204 758 285 819 velut
307 760 339 818 in
361 759 449 819 viridi
472 759 581 820 candor
604 764 767 822 consistere
791 762 866 823 colli.

150 854 306 928 praeterea
329 865 450 925 magnae
473 847 605 926 legiones
627 867 696 910 cum
718 848 782 910 loca
804 870 893 912 cursu

152 953 324 1016 camporum
348 935 496 1014 complent
518 936 589 997 belli
611 937 768 998 simulacra
790 941 915 1020 cientes,

68 1032 131 1081 325
152 1026 251 1103 fulgor
272 1023 315 1085 ibi
337 1024 373 1084 ad
396 1023 510 1085 caelum
533 1043 565 1086 se
588 1025 677 1105 tollit,
700 1032 819 1106 totaque
843 1030 955 1088 circum

153 1132 222 1175 aere
245 1112 406 1174 renidescit
427 1111 529 1194 tellus,
553 1121 714 1193 supterque
737 1116 834 1175 virum
856 1119 885 1176 vi

153 1204 270 1264 excitur
291 1199 417 1280 pedibus
439 1204 567 1282 sonitus,
591 1202 777 1282 clamoreque
800 1211 915 1265 montes

152 1292 207 1351 icti
228 1292 372 1350 reiectant
394 1307 481 1350 voces
504 1290 540 1351 ad
564 1289 662 1352 sidera
684 1291 799 1371 mundi,

153 1386 185 1441 et
206 1381 319 1439 circum
341 1376 464 1438 volitant
486 1379 602 1457 equites
624 1379 797 1459 mediosque
820 1387 942 1460 repente

72 1475 133 1525 330
152 1468 322 1529 tramittunt
343 1465 438 1526 rabdo
462 1469 628 1545 quatientes
651 1470 760 1547 impete
784 1486 916 1547 campos:

153 1563 306 1618 ettamen
329 1554 515 1633 estquidam
538 1554 621 1616 locus
645 1555 711 1616 altis
733 1556 896 1639 montibus,
920 1554 1001 1618 uode

153 1652 233 1707 stare
256 1644 394 1705 ridentur
416 1645 500 1703 etin
522 1646 635 1723 campis
658 1647 820 1706 consistere
844 1646 948 1724 fulgor.

199 1732 284 1794 Nunc
310 1750 377 1812 age,
402 1732 462 1793 iam
485 1731 626 1811 deinceps
651 1741 823 1794 cunctarum
846 1734 966 1795 exordia
988 1751 1088 1794 rerum

154 1822 252 1903 qualia
275 1823 336 1882 sint
357 1826 388 1880 et
410 1838 497 1899 quam
520 1820 606 1899 longe
630 1820 767 1883 distantia
790 1822 893 1883 formis

78 1920 134 1972 33⁶
154 1913 289 1993 percipe,
312 1909 483 1988 multigenis
506 1927 593 1988 quam
617 1912 677 1971 sint
699 1914 807 1973 variata
831 1913 946 1992 figuris3

153 2018 216 2060 non
239 2017 297 2078 quo
320 1997 412 2059 multa
433 2016 538 2076 parum
561 1997 652 2058 simili
675 2001 734 2060 sint
755 2000 888 2078 praedita
910 2001 1017 2080 forma,

155 2088 209 2150 sed
232 2090 301 2167 quia
322 2105 383 2147 non
404 2085 489 2164 volgo
511 2088 594 2165 paria
617 2086 754 2148 omnibus
777 2090 875 2148 omnia
898 2093 1040 2148 constant

155 2196 213 2239 nec
235 2179 357 2237 mnam:
379 2192 447 2236 nam
471 2193 538 2235 oum
561 2177 600 2235 sit
623 2193 726 2236 eorum
749 2177 833 2254 copia
855 2182 947 2256 tanta,

154 2273 190 2327 ut
211 2283 308 2344 neque
330 2265 412 2344 finis,
434 2265 479 2324 uti
502 2262 603 2344 docui,
626 2281 722 2342 neque
746 2281 860 2324 summa
883 2266 922 2324 sit
944 2262 1015 2345 ulla,

77 2363 136 2415 340
156 2353 278 2434 debent,
300 2354 454 2431 nimirum,
476 2369 536 2413 non
559 2351 696 2412 omnibus
719 2353 817 2412 omnia
839 2369 976 2431 prorsum

157 2460 224 2504 esse
246 2444 313 2521 pari
333 2441 383 2501 iilo
407 2439 555 2519 similique
579 2440 692 2500 adiecta
714 2440 815 2518 ligura.

157 2537 312 2611 praeterea
334 2547 427 2609 genus
450 2528 610 2590 humanum
633 2534 790 2607 mutaeque
812 2534 946 2590 natantes

159 2620 379 2698 squamigerum
400 2618 530 2697 pecudes
553 2625 583 2677 et
604 2617 680 2677 laeta
703 2623 835 2678 armenta
856 2616 1007 2697 seraeque,

159 2714 189 2769 et
210 2709 307 2768 variae
330 2706 478 2786 volucresy
501 2704 638 2766 laetantia
662 2723 735 2784 quae
758 2705 822 2765 loca
845 2722 985 2783 aquarum

80 2805 138 2857 346
159 2794 366 2857 concelebrant
388 2797 501 2856 circum
522 2795 602 2872 ripas
625 2794 774 2872 fontisque
797 2793 950 2874 lacusque,

159 2892 189 2946 et
212 2902 286 2964 quae
309 2883 481 2963 pervolgant
502 2900 624 2942 nemora
647 2883 710 2941 avia
731 2882 941 2960 pervolitantes
961 2914 1003 2924 -

159 2990 286 3052 quorum
307 2990 400 3033 unum
424 2971 539 3051 quidvis
562 2972 725 3050 generatim
748 2988 865 3030 sumere
888 2987 991 3048 perge:

159 3063 292 3123 invenies
313 3068 413 3121 tamen
435 3062 514 3120 inter
537 3076 570 3119 se
593 3059 712 3118 differre
736 3058 846 3138 liguris.

159 3168 215 3211 nec
237 3152 352 3210 ratione
375 3149 431 3210 alia
453 3146 551 3227 proles
575 3163 753 3225 cognoscere
776 3153 901 3206 matrem

84 3248 141 3299 350
158 3257 215 3300 nec
237 3246 332 3299 mater
353 3244 455 3316 posset
476 3235 603 3317 prolem5
627 3233 706 3314 quod
727 3252 815 3312 posse
837 3233 971 3294 videmus

159 3341 215 3388 nec
237 3329 336 3387 minus
359 3333 446 3405 atque
469 3325 604 3385 homines
627 3325 706 3384 inter
729 3339 760 3381 se
779 3328 848 3382 nota
871 3321 979 3382 cluere.

159 3434 228 3477 nam
250 3433 338 3494 saepe
361 3422 428 3476 ante
452 3413 540 3474 deum
562 3411 671 3473 vitulus
694 3409 816 3471 delubra
838 3409 945 3470 decora

159 3506 336 3567 turicremas
358 3510 480 3583 propter
501 3508 646 3563 mactatus
669 3499 798 3562 concidit
821 3516 901 3578 aras,
