2484 3800
568 105 595 159 Π
1038 105 1080 171 59

161 254 233 314 haut
255 253 348 330 igitur
370 251 480 312 debent
503 269 570 313 esse
592 251 652 312 ullo
674 252 807 331 praedita
831 271 928 314 sensu.

78 357 142 408 900
205 340 340 419 Denique
363 342 409 401 uti
430 341 547 420 possint
569 342 679 401 sentire
702 340 840 405 animalia
863 360 1010 422 quaeque,

160 430 320 508 principiis
343 431 370 489 si
392 430 481 488 iamst
502 445 609 489 sensus
632 427 807 490 tribuendus
830 447 948 511 corum,

77 533 146 585 975
162 516 245 598 quid,
254 516 520 596 genusbumanum
529 517 687 595 propritim
696 516 732 577 de
743 516 850 596 quibus
860 515 1028 579 auctumst?
1042 530 1081 572 ⁰⁰⁵

161 604 291 685 scilicet,
313 611 345 665 ct
366 606 431 664 risu
452 602 580 664 tremulo
602 622 746 665 concussa
767 605 941 666 cachinnant

161 700 193 754 et
215 692 348 753 lacrimis
372 699 516 771 spargumt
536 691 706 760 rorantibus
729 709 780 753 ora
802 710 965 775 genasque,

77 798 142 848 999
161 780 316 859 multaque
339 779 375 840 dc
398 798 501 863 rerum
523 782 652 840 mixtura
674 780 774 841 dicere
798 779 917 863 callent,

161 876 193 930 et
216 868 275 929 sibi
297 885 444 947 proporro
467 886 541 946 quae
565 869 627 928 sint
647 868 809 947 primordia
832 876 989 951 quaerunt3

80 974 146 1025 980
161 956 403 1037 quandoquidem
426 957 498 1016 totis
519 954 693 1016 mortalibus
716 955 889 1018 adsimulata
1042 970 1082 1011 oso

161 1048 229 1126 ipsa
251 1062 369 1123 quoque
392 1062 429 1104 ex
452 1042 518 1104 aliis
541 1042 651 1103 debent
674 1050 808 1104 00001000
832 1044 999 1126 elementis,

161 1132 233 1194 inde
257 1132 314 1193 alia
337 1150 374 1192 ex
397 1131 477 1213 aliis,
499 1149 645 1210 nusquam
668 1132 831 1193 consistere
853 1141 888 1193 ut
909 1135 1002 1194 ausis:

81 1240 142 1289 080
159 1224 274 1301 quippe
298 1238 419 1300 sequar,
442 1219 648 1298 quodcumque
672 1217 753 1298 loqui
775 1220 932 1300 ridereque
955 1221 1036 1283 dices

162 1317 194 1371 et
217 1327 336 1389 sapore,
354 1324 396 1368 ex
418 1307 485 1368 aliis
508 1306 609 1367 eadem
631 1307 704 1368 haec
727 1308 903 1369 facientibus
926 1316 959 1370 ut
981 1312 1028 1371 sit

81 1414 146 1467 985
161 1395 242 1477 quod
266 1399 293 1456 si
315 1395 409 1457 delira
430 1395 503 1456 baec
525 1394 695 1474 furiosaque
719 1397 867 1457 cernimus
890 1415 970 1479 esse,
1043 1409 1083 1461 ⁰⁰⁰

162 1493 194 1547 et
216 1485 316 1546 ridere
338 1489 437 1564 potest
459 1500 518 1543 non
541 1500 577 1543 ex
597 1482 765 1544 ridentibus
788 1492 905 1566 auctus,

162 1581 194 1635 ct
216 1591 321 1652 sapere
345 1579 376 1632 et
398 1572 494 1632 doctis
516 1572 662 1631 rationem
683 1571 809 1633 reddere
831 1572 920 1634 dictis

82 1679 142 1730 990
162 1678 225 1722 000
247 1679 285 1721 ex
308 1658 473 1721 seminibus
496 1658 679 1737 sapientibus
702 1666 789 1739 atque
812 1660 946 1742 disertis,

164 1751 216 1829 qui
238 1751 340 1809 minus
363 1765 430 1807 esse
453 1753 564 1825 queant
585 1764 620 1807 ea
644 1765 717 1825 quae
741 1750 852 1809 sentire
875 1749 1009 1810 videmus

82 1854 148 1908 990
162 1836 329 1899 seminibus
352 1836 498 1915 permixta
520 1834 690 1895 carentibus
713 1836 844 1916 undique
867 1834 979 1898 sensu?
1044 1848 1083 1890 999

208 1925 344 2004 Denique
367 1923 488 1985 caelesti
511 1940 612 1984 sumus
636 1941 739 1984 omnes
762 1926 874 1985 semine
898 1925 1029 1986 oriundi:

165 2013 305 2074 omnibus
328 2011 379 2072 ille
401 2011 479 2072 idem
502 2018 587 2090 pater
609 2017 667 2092 est,
690 2011 768 2072 unde
791 2003 866 2072 alma
888 2012 1029 2092 liquentis

84 2120 144 2171 999
162 2104 279 2164 umoris
301 2107 400 2179 guttas
422 2105 517 2159 mater
539 2117 607 2159 cum
630 2105 710 2158 terra
732 2101 857 2180 recepit,

163 2192 223 2252 leta
246 2191 326 2268 parit
347 2187 456 2248 nitidas
480 2187 580 2265 lruges
603 2185 780 2265 arbustaque
802 2186 891 2265 laeta,

85 2295 148 2348 995
163 2286 195 2340 01
217 2295 312 2356 genus
334 2276 496 2337 humanum
518 2276 608 2354 parit,
632 2275 729 2334 omnia
753 2274 848 2335 000010
870 2274 1013 2350 leramm,
1044 2280 1084 2323 ⁰⁰⁵

163 2365 273 2446 pabula
301 2382 370 2425 cum
395 2361 531 2442 praebet,
559 2361 666 2441 quibus
689 2380 791 2423 omncs
814 2377 938 2439 corpora
960 2363 1085 2437 pascunt

164 2462 196 2515 et
218 2451 337 2514 dulcem
360 2451 473 2512 ducunt
494 2452 583 2509 vitam
605 2450 777 2529 prolemque
799 2452 975 2528 propagant3

85 2559 145 2611 000
165 2549 349 2622 quapropter
370 2540 478 2599 merito
499 2544 666 2598 maternum
688 2555 796 2598 nomen
819 2535 961 2612 adeptast.

164 2630 246 2692 cedit
268 2631 341 2688 item
364 2634 459 2706 retro,
481 2625 518 2686 de
540 2632 621 2686 terra
643 2626 721 2704 quod
745 2627 800 2686 luit
822 2628 903 2700 ante,

67 2736 149 2789 1000
162 2721 196 2779 in
218 2724 329 2796 terras,
352 2721 383 2774 et
405 2713 484 2792 quod
506 2715 661 2774 missumst
683 2732 719 2774 er
741 2711 871 2774 aetheris
895 2708 970 2786 oris,
1036 2716 1088 2756 1⁰⁰⁰

164 2806 197 2867 id
219 2822 342 2866 rursum
365 2801 440 2863 caeli
461 2800 597 2861 rellatum
618 2801 729 2881 templa
751 2800 914 2876 receptant.

163 2913 222 2955 nec
246 2894 290 2953 sic
313 2891 466 2951 interemit
487 2906 568 2948 mors
590 2906 653 2969 res,
675 2897 710 2950 01
731 2884 868 2949 materiai

70 3001 145 3052 1000
164 2998 292 3061 corpora
315 2979 466 3057 conficiat,
488 2976 540 3037 sed
564 2983 680 3037 coetum
703 2978 839 3054 dissupat
862 2966 944 3027 ollis:

163 3070 235 3131 inde
259 3067 327 3129 aliis
349 3064 429 3128 aliud
452 3065 604 3143 coniungit
627 3071 657 3124 01
679 3065 771 3126 0111011
794 3072 902 3121 omnes

67 3175 148 3228 1005
162 3176 214 3220 res
237 3163 272 3217 01
295 3160 468 3215 convertant
489 3152 598 3213 lormas
620 3159 795 3232 mutentque
817 3143 937 3208 colores
1046 3147 1108 3192 1⁰⁰5

164 3254 196 3308 et
219 3246 339 3325 capiant
362 3261 469 3304 sensus
491 3247 522 3302 et
542 3248 653 3320 puncto
676 3248 812 3320 tempore
835 3227 978 3302 reddant3

164 3342 199 3396 ut
221 3351 331 3394 noscas
354 3332 467 3392 referre
490 3330 593 3390 eadem
615 3330 779 3408 primordia
802 3335 908 3384 rerum

74 3441 145 3492 1005
165 3441 234 3484 cum
260 3420 370 3502 quibus
394 3425 424 3479 et
447 3417 527 3496 quali
548 3420 682 3497 positura
705 3411 919 3480 contineantur
