2484 3800
156 152 199 217 52
640 155 667 207 II

227 300 324 361 vitalis
346 307 444 362 motus
467 304 635 361 consentire
658 308 745 380 atque
769 303 886 362 imitari.

227 389 340 449 sedne
363 389 437 449 sorte
460 398 547 468 putes
570 390 707 451 animalia
730 389 792 451 sola
814 392 911 450 teneri

227 476 343 555 legibus
364 477 461 558 hisce,
483 478 586 539 eadem
608 480 684 539 ratio
707 478 894 539 disterminat
915 479 1011 538 omnis

651 587 669 623 ηε

158 669 296 721 720nam
318 653 409 713 veluti
431 661 491 714 tota
513 661 618 715 natura
642 654 801 715 dissimiles
824 661 892 715 suut
1122 663 1159 703 ‘12⁰

158 757 210 807 770
228 743 307 801 inter
335 760 367 802 se
393 743 508 820 genitae
531 760 580 802 res
604 760 751 823 quaeque,
778 744 818 802 ita
841 760 988 822 quamque
1011 746 1159 802 necessest

229 829 367 890 dissimili
389 837 523 890 constare
547 831 640 908 ligura
663 833 890 910 principiorum,
1121 840 1158 881 777

158 934 216 986 725
228 920 340 978 semina
363 937 430 979 cum
452 935 542 997 porro
565 918 688 998 distent,
712 919 831 979 differre
853 925 1010 979 necessust
1122 927 1158 969 775

229 1005 382 1066 intervalla
404 1008 465 1065 rias
488 1024 618 1066 conexus
641 1005 771 1086 pondera
793 1006 893 1086 plagas

230 1112 392 1155 concursus
414 1100 525 1174 motus,
548 1112 623 1172 quac
646 1113 706 1154 non
728 1092 865 1155 animalia
888 1093 984 1154 solum

160 1197 210 1247 775
229 1200 352 1262 corpora
376 1184 547 1261 seiungunt,
570 1182 623 1242 sed
645 1190 741 1243 terras
764 1201 797 1243 ac
820 1201 900 1243 mare
923 1189 1019 1242 totum

230 1278 389 1331 secernunt
411 1269 583 1349 caelumque
606 1289 622 1329 a
645 1272 734 1330 terris
758 1288 843 1331 omne
866 1277 1024 1331 retentant.

160 1373 214 1424 730
272 1358 357 1419 Nunc
380 1377 432 1437 age
456 1357 533 1419 dicta
555 1376 621 1418 meo
645 1357 724 1419 dulei
749 1359 880 1436 quaesita
903 1358 1003 1418 labore
1123 1368 1159 1408 7³⁰

229 1448 363 1527 percipe,
386 1464 424 1507 nc
446 1446 521 1506 forte
545 1446 617 1506 hace
639 1445 715 1506 albis
738 1464 773 1506 cx
795 1445 861 1507 alba
883 1449 977 1507 rearis

229 1536 385 1613 principiis
408 1552 487 1614 esse,
509 1540 576 1594 ante
600 1533 700 1594 oculos
724 1552 798 1612 quae
821 1534 944 1595 candida
968 1537 1079 1614 cernis,

161 1637 212 1686 730
231 1629 281 1682 aut
304 1640 338 1681 ea
361 1639 434 1700 quac
457 1624 575 1700 nigrant
595 1624 681 1700 nigro
706 1622 742 1681 de
765 1624 878 1682 semine
900 1629 982 1703 nata,

230 1712 298 1768 nive
321 1708 411 1769 alium
434 1712 566 1786 quemvis
589 1727 664 1788 quae
688 1715 758 1770 sunt
779 1710 881 1770 induta
904 1709 1047 1790 colorem,

161 1812 215 1863 735
232 1803 389 1876 propterea
411 1814 514 1874 gerere
537 1797 615 1857 hunc
639 1797 755 1877 credas,
778 1798 856 1876 quod
879 1800 1015 1858 materiai
1125 1809 1161 1850 ‘1³⁵

231 1904 354 1964 corpora
376 1884 523 1945 consimili
547 1887 607 1946 siut
629 1887 693 1946 cius
716 1887 807 1947 tincta
831 1884 942 1947 colore:

230 1973 329 2034 nullus
352 1975 432 2034 enim
455 1972 536 2032 color
558 1980 604 2034 est
627 1977 745 2034 omnino
768 1976 902 2035 materiai

162 2077 212 2126 735
231 2061 418 2141 corporibus,
440 2079 536 2139 neque
559 2080 613 2140 par
636 2061 725 2122 rebus
747 2080 844 2140 neque
867 2062 995 2140 denique
1019 2062 1128 2142 dispar.

231 2153 262 2210 iu
286 2165 360 2228 quae
383 2167 507 2227 corpora
529 2150 556 2208 si
578 2149 677 2210 nullus
699 2149 755 2210 tibi
777 2150 852 2210 sorte
875 2150 993 2210 videtur

84 2234 90 2244 '
160 2254 215 2305 740
230 2256 318 2318 posse
341 2239 429 2297 animi
453 2238 580 2297 iniectus
602 2238 681 2317 lieri,
702 2237 805 2316 procul
828 2239 910 2298 avius
933 2256 1025 2298 erras.
1125 2252 1162 2291 77)

231 2345 299 2387 nam
321 2344 389 2386 eum
411 2326 573 2404 caecigeni,
596 2324 667 2384 solis
691 2327 743 2403 qui
764 2325 875 2386 lumina
897 2344 1060 2404 numquam

231 2415 400 2493 disponere,
422 2420 521 2472 tamen
543 2419 722 2490 cognoscant
743 2431 867 2493 corpora
888 2420 983 2494 tactu,

162 2517 213 2568 740
232 2521 268 2562 ex
290 2505 410 2561 ineunte
434 2518 518 2579 aevo,
540 2499 621 2560 nullo
644 2503 800 2561 coniuncta
823 2500 935 2581 colore,
1125 2517 1160 2556 ua

232 2591 309 2649 scire
331 2589 402 2648 licet
423 2595 542 2647 nostrae
565 2605 682 2665 quoque
705 2590 797 2648 menti
820 2607 943 2667 corpora
965 2607 1055 2667 posse

231 2678 308 2736 vorti
329 2679 361 2735 in
383 2677 517 2735 notitiam
539 2673 619 2734 nullo
643 2676 755 2735 circum
777 2675 828 2736 lita
851 2676 927 2736 luco.
1124 2691 1160 2733 ue

161 2781 215 2832 745
231 2764 358 2842 denique
381 2781 435 2823 nos
458 2764 517 2841 ipsi
539 2764 634 2821 caecis
658 2781 859 2842 quaecumque
881 2763 1016 2825 tenebris

230 2854 391 2931 tangimus,
414 2850 491 2910 haud
513 2847 574 2909 ullo
597 2852 741 2911 sentimus
763 2853 855 2911 tincta
878 2851 985 2912 colore.

161 2956 212 3006 aaa
232 2940 310 3019 quod
333 2939 472 3017 quoniam
494 2939 579 2996 vinco
601 2937 681 3016 fieri,
702 2956 781 2997 uuna
804 2957 869 2999 esse
893 2939 1005 2999 docebo

653 3042 671 3082 ,
929 3041 933 3048 .

231 3116 327 3175 omnis
350 3114 429 3174 enim
453 3111 533 3172 color
556 3113 675 3172 omnino
698 3120 828 3174 mutatur
850 3121 880 3173 et
904 3117 1000 3174 omnis

655 3220 671 3257 ss

160 3310 215 3362 750
230 3291 307 3372 quod
332 3290 429 3349 lacere
452 3288 528 3349 haud
551 3287 611 3348 ullo
636 3288 743 3349 debent
764 3291 927 3368 primordia
949 3298 1046 3370 pacto.
1124 3308 1158 3348 uo

231 3376 413 3440 immutabile
437 3379 517 3436 enim
540 3377 679 3453 quiddam
702 3396 840 3455 superare
864 3387 1031 3461 necessest,

300 3462 379 3545 [723
399 3463 456 3543 sq.]
472 3490 514 3512 =
529 3460 593 3525 336
612 3483 656 3543 sq.
694 3462 757 3527 743
775 3474 843 3545 post
863 3464 926 3530 748
946 3467 978 3528 L.
998 3468 1031 3530 B.

1233 3609 1236 3764 l
