2484 3800
568 176 581 229 I

135 322 278 403 gentibus
300 322 437 383 humanis
460 325 542 401 regio
565 323 746 402 visendaque
769 323 877 404 iertur,

136 411 231 472 rebus
255 413 352 491 opima
374 411 476 491 bonis,
497 410 589 471 multa
610 413 725 471 munita
748 413 843 472 virum
866 414 908 493 vi,

136 500 183 560 nil
204 509 305 560 tamen
326 500 382 559 boc
404 498 544 559 habuisse
567 501 631 559 viro
653 498 834 578 praeclarius
857 502 888 560 in
912 518 944 560 se

57 595 120 647 730
137 607 195 649 nec
219 594 353 648 sanctum
375 590 470 665 magis
492 594 523 647 et
544 589 655 647 mirum
677 605 836 666 carumque
859 588 983 649 videtur.
1038 602 1078 643 ⁷³⁰

58 685 116 733 '125
139 678 272 737 earmina
295 678 367 753 quin
391 678 480 735 etiam
503 675 595 735 divini
617 677 747 755 pectoris
771 678 835 736 eius

141 764 342 825 vociferantur
365 770 396 823 ct
417 770 568 842 exponunt
589 764 740 843 praeclara
763 770 893 845 reperta,

140 854 244 913 utrix
267 852 394 912 humana
416 852 550 912 videatur
572 853 665 931 stirpe
689 859 823 912 creatuss

183 940 239 1000 Hic
262 947 361 1000 tamen
383 945 414 999 et
436 958 525 1018 snpra
548 958 622 1019 qnos
645 939 774 999 diximus
797 939 954 999 inferiores

61 1038 121 1089 735
141 1028 277 1109 partibus
300 1030 418 1106 egregie
441 1027 542 1088 multis
564 1027 717 1107 multoque
739 1030 884 1108 minores,
1039 1040 1078 1082 ras

62 1125 120 1175 730
140 1134 319 1196 quamquam
340 1115 434 1176 multa
456 1115 531 1176 bene
554 1134 588 1176 ac
611 1115 752 1175 divinitus
775 1118 958 1176 invenientes

140 1224 177 1266 ex
200 1205 287 1284 adyto
310 1212 459 1282 tamquam
482 1204 581 1264 cordis
603 1222 747 1282 responsa
769 1204 877 1264 dedere

141 1295 273 1353 sanctius
297 1300 328 1353 et
348 1292 441 1353 multo
464 1300 545 1353 certa
568 1294 682 1352 ratione
705 1294 799 1371 magis
822 1310 910 1371 quam

140 1381 246 1461 Pythia
270 1399 344 1459 quaa
366 1379 478 1459 tripodi
499 1399 516 1440 a
538 1379 650 1440 Phoebi
673 1380 816 1459 lauroque
838 1382 985 1461 profatur,

65 1477 126 1528 740
141 1471 300 1549 principiis
322 1475 421 1529 tamen
443 1470 475 1528 in
497 1486 599 1528 rerum
621 1469 719 1529 iecere
742 1471 844 1529 ruinas
1038 1483 1078 1524 uo

68 1564 122 1615 735
142 1565 172 1618 et
194 1558 324 1636 graviter
345 1558 444 1635 magni
466 1574 572 1635 magno
595 1556 730 1617 cecidere
753 1556 796 1617 ibi
818 1575 901 1638 oasu3

141 1648 271 1725 primum
295 1645 373 1723 quod
395 1651 494 1704 motus
516 1652 653 1723 exempto
675 1644 765 1705 rebus
788 1647 869 1705 inani

142 1736 326 1794 constituunt
348 1740 379 1793 et
400 1750 449 1793 res
471 1731 569 1792 mollis
590 1750 730 1812 rarasque
753 1733 924 1812 relinquant

141 1827 210 1881 aera
232 1838 332 1881 rorem
354 1823 453 1898 ignem
475 1828 571 1881 terras
594 1820 730 1881 animalia
753 1821 846 1900 irugis

69 1918 125 1969 745
142 1929 198 1970 nec
219 1918 321 1970 tamon
343 1910 507 1969 admiscent
528 1911 560 1970 in
582 1928 685 1970 eorum
708 1928 816 1989 corpus
839 1912 939 1991 inane3
1039 1923 1078 1964 ⁷45

70 2007 123 2056 740
142 1998 250 2058 deinde
274 1997 351 2076 quod
374 1999 493 2057 omnino
517 1998 606 2058 finem
629 2016 689 2058 non
711 2016 777 2058 esse
801 1999 936 2058 secandis

143 2085 319 2164 corporibus
341 2085 453 2146 iaciunt
473 2103 570 2164 neque
593 2103 715 2164 pausam
739 2093 817 2146 stare
840 2086 950 2164 fragori

142 2193 199 2234 nec
221 2192 360 2253 prorsum
382 2176 415 2234 in
437 2173 528 2234 rebus
549 2175 707 2235 minimum
726 2175 888 2234 consistere
907 2176 1077 2256 quicquam3

143 2281 211 2323 cum
234 2262 385 2322 videamus
408 2261 438 2322 id
462 2268 627 2322 extromum
650 2264 794 2340 cuiusque
818 2279 958 2322 cacumen

69 2358 127 2410 750
143 2368 210 2411 esse
232 2349 310 2428 quod
328 2350 365 2410 ad
384 2368 489 2410 sensns
507 2358 626 2411 nostros
643 2352 799 2410 minimum
817 2367 882 2410 esse
900 2349 1026 2430 videtur,
1039 2363 1078 2404 uo

69 2447 122 2497 745
143 2441 279 2499 conicere
302 2445 337 2498 ut
356 2440 454 2517 possis
478 2456 514 2498 ex
536 2438 605 2519 hoc,
629 2456 702 2516 quae
726 2455 848 2498 cernere
871 2456 931 2498 non
954 2440 1021 2516 quis

143 2533 309 2588 extremum
332 2526 410 2604 quod
432 2525 554 2607 habent,
575 2528 733 2587 minimum
755 2528 918 2587 consistere
940 2543 1015 2588 vere.

141 2614 201 2676 huc
224 2615 339 2676 accedit
359 2617 445 2694 itam,
468 2616 606 2692 quoniam
628 2615 791 2693 primordia
813 2632 914 2675 rerum

142 2702 242 2764 mollia
265 2705 461 2782 constituunt,
485 2720 559 2781 quae
581 2720 637 2762 nos
659 2704 757 2762 nativa
778 2702 912 2762 videmus

70 2798 126 2850 755
142 2810 209 2851 esse
233 2798 263 2851 et
284 2789 401 2850 mortali
425 2808 492 2850 cum
516 2809 654 2871 corpore,
676 2791 809 2851 funditus
831 2793 917 2869 utqui
1040 2802 1078 2843 755

71 2888 124 2938 750
143 2878 249 2939 debeat
271 2878 307 2938 ad
329 2878 424 2939 nilum
446 2880 505 2938 iam
527 2896 628 2939 rerum
652 2896 766 2939 summa
788 2881 898 2939 reverti

142 2967 179 3027 de
201 2966 322 3045 niloque
345 2973 447 3028 renata
469 2969 621 3044 vigescere
647 2969 731 3047 copia
753 2985 867 3047 rerum3

142 3073 270 3134 quorum
291 3062 451 3135 utrumque
474 3054 546 3134 qnid
568 3073 584 3115 a
606 3073 677 3116 vero
700 3057 759 3116 iam
781 3055 872 3116 distet
892 3054 1024 3116 habebis.

141 3144 250 3204 deinde
272 3145 392 3204 inimica
414 3142 510 3203 modis
533 3143 634 3204 multis
657 3151 726 3204 sunt
749 3151 836 3223 atque
859 3161 972 3204 veneno

71 3239 126 3290 700
142 3234 207 3311 ipsa
230 3230 289 3292 sibi
311 3233 389 3292 inter
412 3250 457 3312 se;
481 3249 571 3310 quare
594 3238 645 3292 ant
668 3251 824 3310 congressa
847 3231 988 3311 peribunt
1040 3247 1079 3287 roo

73 3327 123 3378 755
142 3326 193 3381 aut
215 3322 257 3381 ita
279 3319 435 3398 diffugient
457 3327 490 3379 ut
512 3327 686 3398 tempestate
710 3328 810 3382 coacta

141 3407 266 3469 fulmina
287 3408 432 3486 diffugere
454 3414 542 3485 atque
565 3407 670 3469 imbris
692 3416 854 3488 ventosque
877 3409 1018 3470 videmus.

141 3497 271 3577 denique
294 3504 432 3576 quattuor
455 3515 491 3557 ex
514 3494 603 3557 rebus
628 3499 654 3557 si
678 3505 782 3559 cuncta
806 3503 944 3559 creantur
