2484 3800
427 210 709 267 PROLEGOMENA.
988 166 1075 266 XLIIl

65 355 127 420 205
145 361 298 437 quantum
314 357 351 419 iu
364 375 401 421 ee
416 356 491 440 (e)el
502 358 643 422 deorsum
658 359 803 437 deducere
810 362 951 439 pupueul
962 360 1074 420 Marull.

64 447 94 507 B.
115 447 170 508 ΜΓ.
203 446 283 509 irresl
311 445 452 509 deorsum
482 447 588 510 dueere
620 448 678 519 OQ.
714 451 863 526 quaedum
894 451 941 510 est
968 447 1004 510 lu
1034 465 1074 524 se,

64 534 205 596 deorsem
227 534 334 597 ducere
356 535 417 595 Lm.
440 539 593 614 poculum
615 535 652 597 lu
673 553 705 598 se
727 540 781 613 ecl,
810 536 1019 599 decerem...
1042 536 1073 596 B.

122 622 161 684 c're
189 625 259 699 sesi,
287 622 428 686 deersmrc
455 621 606 700 decedere,
635 625 749 685 Susem.
768 626 867 704 philol.
886 626 976 685 XXIV
998 621 1073 705 434,

65 713 191 772 fortasse
220 719 310 772 recle.
338 745 381 754 —-
409 709 527 791 2llsq.
624 711 769 791 feruutur
791 712 979 791 ponderum
1002 731 1074 791 pro-

61 797 154 880 plis,
183 800 279 860 ka.
303 800 445 879 probante
468 800 560 861 Pollio
583 801 601 861 l.
621 819 645 861 c.
669 822 696 880 p.
717 799 794 862 313:
821 800 977 880 feruutur,
995 820 1074 880 porr-

64 886 187 950 dere'bds
202 886 344 967 propelle
362 934 387 948 ..
407 888 500 967 volgo.
520 923 563 931 -
583 887 647 949 219
666 888 846 967 lucemque
868 887 946 951 locis
967 888 1074 967 spallo

65 974 216 1054 depellere
246 973 381 1055 paulurn
408 976 466 1048 00.
503 979 575 1038 item
606 977 659 1037 Mr.
690 981 748 1037 nisi
786 977 863 1056 quod
898 995 931 1038 se
961 976 1074 1038 lucerio

66 1067 196 1144 tempore
219 1066 330 1125 scribit.
372 1083 426 1125 cur
447 1083 507 1126 non
531 1066 623 1126 semel
643 1066 797 1126 Lucretius
822 1068 909 1144 spatii
933 1065 1073 1125 vocabulo

66 1155 104 1212 ila
121 1172 197 1214 usus
217 1155 264 1233 sit,
287 1160 320 1213 ui
344 1152 473 1231 aequalis
493 1156 556 1214 eius
576 1153 693 1235 Cicero,
720 1157 771 1232 qui
794 1153 829 1213 de
849 1156 932 1213 amic.
950 1172 1013 1231 per.
1029 1150 1074 1214 40

68 1241 183 1302 scribit:
217 1241 337 1302 deflexit
368 1243 426 1301 iam
459 1241 640 1320 aliquantum
672 1242 709 1301 de
741 1245 835 1321 spolio
867 1242 1074 1319 curriculoque

68 1329 249 1390 consuetudo
272 1327 439 1390 maiorum?
475 1330 512 1390 dc
531 1330 698 1408 depellendi
717 1330 806 1389 verbo
829 1350 854 1390 v.
875 1349 949 1408 quiae
974 1329 1073 1408 philol.

67 1416 154 1478 XXIV
176 1414 245 1478 434
267 1417 420 1496 disputavi.
453 1414 510 1479 loci
531 1416 643 1496 spatiis
665 1415 802 1480 deeellere
824 1419 886 1478 Lm.
905 1418 936 1478 B.
956 1417 1073 1497 218sq.

68 1521 97 1566 se
185 1504 363 1567 lucerio
386 1504 486 1583 spolie
514 1503 658 1584 depellere
680 1508 774 1567 ka.
873 1503 946 1568 loels
974 1506 1075 1584 spado

69 1591 206 1656 deeellere
225 1588 286 1677 (vel
304 1588 460 1677 depellere)
474 1591 572 1673 poulo
595 1594 794 1655 HoerscheIm.
810 1597 879 1656 diss.
895 1615 922 1674 p.
934 1592 1071 1657 34--38,

70 1715 108 1724 -
119 1681 185 1744 226
204 1700 297 1761 ..quo
311 1680 416 1743 delos.
428 1727 434 1742 .
446 1681 619 1761 ferantur
633 1686 748 1764 scripsi,
763 1684 904 1763 probante
919 1684 1073 1743 Giussouo.

70 1778 153 1850 negat
176 1773 257 1831 enim
279 1771 443 1849 Epicureus
471 1773 604 1849 graviora
632 1790 754 1850 corporo
780 1776 869 1832 cilius
893 1773 998 1832 cadere
1022 1790 1075 1848 per

70 1860 162 1921 inane.
182 1892 224 1902 -
244 1855 308 1920 249
327 1864 429 1922 recto
448 1857 570 1939 replere
592 1859 686 1939 vulgo.
705 1857 794 1921 ruello
811 1859 872 1921 Lm.
887 1860 918 1920 Β.
943 1894 985 1903 -
1010 1856 1075 1921 250

70 1945 114 2008 uel
130 1994 156 2009 ..
176 1944 330 2011 deeliuere
356 1946 426 2025 quis
452 1949 497 2009 est
521 1946 576 2026 qul
598 1952 720 2027 poseat
745 1968 864 2010 eeucere
889 1966 952 2010 sese
978 1949 1073 2008 Wim.

145 2036 201 2115 qul
222 2034 325 2113 possit
348 2054 467 2099 eernere
493 2053 556 2098 sese
579 2035 637 2107 OQ.
683 2036 737 2115 qul
757 2039 894 2115 proeslel
919 2054 942 2097 c.
964 2054 989 2097 s,
1012 2036 1074 2096 Lm.

71 2123 121 2201 qul
145 2122 250 2205 possit
274 2142 392 2186 cernere
420 2141 527 2186 seuerus
553 2124 585 2184 Β.
692 2142 783 2186 seusu
811 2128 906 2185 Giuss.
935 2159 977 2167 —
1010 2123 1074 2186 268

71 2229 245 2291 eoneeoque
267 2212 325 2283 00.
352 2216 533 2294 rectissime,
562 2213 597 2272 ci.
621 2213 720 2292 philol.
744 2213 833 2272 xxiv
855 2208 930 2274 438.
964 2210 1075 2273 corrice

72 2298 122 2362 Gii.
142 2300 243 2362 Lamh.
261 2300 323 2360 Lm.
343 2300 373 2361 B.
392 2300 445 2361 Mr.
465 2335 507 2343 -
532 2297 597 2362 270
618 2298 773 2362 ooluulole'
795 2301 877 2360 Bkm.
902 2301 938 2360 ci.
957 2299 1074 2359 Lachm.

71 2385 249 2451 ad11520.
285 2386 438 2451 uoluntate
463 2388 505 2450 ld.
540 2392 638 2469 possis
666 2390 764 2450 dicere
791 2389 929 2449 Lucretio
957 2405 1011 2466 pro
1040 2406 1075 2446 eo

72 2478 147 2555 quod
171 2479 291 2555 scripsit
313 2475 427 2538 lullum
449 2475 576 2539 lulllurrc
595 2478 757 2558 ohverseri3
781 2495 883 2538 verum
901 2494 960 2536 non
978 2473 1076 2535 lullus

71 2566 120 2625 scd
143 2566 244 2627 molus
266 2584 303 2625 cx
325 2568 416 2626 animi
435 2565 582 2626 voluntate
606 2567 740 2644 procedit
763 2573 792 2625 et
810 2566 895 2625 datur
913 2583 967 2643 per
986 2572 1075 2624 artus.

70 2656 109 2696 '—
125 2650 189 2714 291
210 2654 322 2731 quase:
344 2652 435 2732 quael
454 2653 512 2725 00.
535 2652 627 2732 quusi
644 2652 680 2714 e'd
695 2653 757 2713 Lm.
775 2653 807 2713 Β.
830 2651 921 2731 quael
942 2651 997 2714 hoc
1014 2652 1076 2733 Mn,

70 2758 127 2803 non
141 2741 257 2802 melius.
272 2742 307 2802 ci.
318 2741 417 2820 philol.
428 2741 516 2802 xxiv
529 2738 603 2803 438.
615 2774 658 2783 —-
668 2739 733 2804 300
746 2744 937 2803 consuerunt
947 2741 1076 2821 Bipont.:

69 2829 244 2892 consuerint
255 2829 314 2901 OQ.
324 2830 389 2890 edd.
400 2864 442 2873 -
454 2828 518 2892 395
533 2831 733 2893 immeueo
747 2847 785 2890 ee
797 2828 883 2891 murel
896 2829 966 2889 Poll.
976 2829 1076 2908 philol

69 2916 144 2978 XXV
167 2915 241 2979 270.
282 2936 319 2980 ee
340 2915 426 2979 omui
447 2964 542 2979 .....
569 2937 665 2997 oeque
691 2917 726 2979 lu
749 2936 836 2979 orere
857 2934 992 2979 seorsum
1014 2916 1076 2976 Lm.

69 3005 232 3085 quicquam
250 3008 444 3084 estnequam
460 3024 598 3085 oeque..
618 3006 650 3067 B.
682 3004 845 3084 quicquum
863 3008 907 3066 ecl
923 3008 1011 3066 eelro
1023 3004 1076 3064 ΜΓ.

70 3126 110 3138 -
130 3092 194 3155 337
218 3093 272 3155 sed
291 3092 368 3173 qula
389 3096 535 3157 cerestaul
556 3095 636 3155 Nico.
655 3094 782 3153 Florem.
800 3091 840 3154 31
862 3112 905 3171 vg.
924 3093 977 3152 Mr.
1009 3109 1078 3153 cou-

69 3184 136 3245 slul
156 3181 216 3253 OQ.
244 3184 378 3244 cereterd
398 3182 460 3243 Lm.
479 3182 511 3243 Β.
530 3183 614 3243 male.
648 3179 712 3244 693
739 3183 880 3243 coreslmd
900 3181 932 3252 Q.
960 3182 1077 3254 mustei,

71 3288 158 3349 supro
182 3270 330 3349 adscripto
352 3289 388 3346 u,
411 3270 444 3331 0.
464 3270 554 3330 Goeb.
573 3288 671 3349 progr.
691 3269 794 3329 Salish.
814 3266 897 3330 1877
922 3287 949 3346 p.
970 3267 1020 3329 11.
1035 3301 1077 3309 —

71 3355 134 3419 724
146 3361 298 3420 corroderet
312 3356 336 3418 0
351 3366 380 3419 et
390 3359 432 3440 Q„
447 3358 498 3419 sed
513 3377 538 3418 v.
553 3360 637 3418 inira.
652 3356 714 3417 Lm.
729 3365 759 3418 et
768 3356 799 3418 Β.
813 3357 909 3416 trihus
923 3356 996 3416 locis
1010 3372 1078 3415 corr·

69 3449 159 3524 oleret,
193 3447 272 3526 quod
300 3447 415 3507 duobus
442 3446 593 3526 prioribus
621 3464 725 3506 vereor
751 3453 785 3506 ul
812 3445 938 3504 latinum
966 3447 1012 3504 sit.
1035 3476 1078 3485 —

69 3532 132 3597 342
152 3535 429 3615 praetereaoo.
452 3535 489 3596 de
513 3534 687 3597 anacolutho
711 3534 746 3595 ci.
767 3553 795 3613 p.
813 3532 880 3591 XXI
894 3529 1080 3610 perlurluul
