2484 3800
161 165 206 229 20
658 164 672 216 I

162 318 219 369 690
231 310 333 371 (licere
354 328 444 389 porro
465 312 566 388 ignem
586 326 637 369 res
660 311 756 368 omnis
779 327 859 389 esse,
882 328 981 388 neque
1004 308 1096 369 ullam
1138 322 1182 362 ceo

163 405 215 457 685
233 417 297 459 rcm
319 416 419 458 veram
440 401 473 458 in
495 415 619 457 numero
642 414 743 457 rernm
765 405 902 457 constare
925 400 987 457 nisi
1009 399 1123 478 ignem,

234 486 314 564 quod
335 487 405 546 lacit
426 486 475 545 bic
498 485 591 564 idem,
612 484 795 563 perdelirum
816 503 884 545 esse
907 485 1035 546 videtur.

233 593 303 635 nam
325 582 427 634 contra
449 592 555 634 sensus
577 572 614 633 ab
637 572 776 633 sensibus
798 575 863 651 ipse
886 580 1034 652 repugnat

235 670 266 723 et
287 661 442 722 labefactat
462 679 528 742 eos,
549 660 629 721 unde
652 662 750 720 omnia
772 660 885 720 credita
907 661 1052 741 pendent,

165 758 220 809 695
232 751 312 811 unde
334 750 384 810 hic
406 752 541 828 cognitus
564 756 610 809 est
632 750 691 826 ipsi
713 766 803 827 quem
824 750 959 809 nominat
981 751 1094 828 ignem:
1135 760 1181 803 eoo

164 846 217 897 690
234 839 329 899 credit
351 841 432 898 enim
453 855 560 897 sensus
582 839 682 915 ignem
705 853 883 915 cognoscere
905 854 990 917 vere,

234 934 334 987 cetera
355 944 416 986 non
438 925 547 1004 credit,
569 942 643 1003 quae
666 923 727 983 nilo
750 924 828 984 clara
850 927 950 985 minus
974 932 1052 985 sunt.

235 1005 315 1094 quod
336 1015 410 1074 mibi
432 1031 500 1074 cnm
522 1031 629 1072 vanum
652 1020 716 1073 tum
738 1011 865 1072 delirum
887 1031 955 1073 esse
978 1013 1107 1073 videtur:

236 1122 295 1183 quo
316 1103 482 1163 referemus
504 1097 607 1161 enim?
643 1100 714 1178 quid
736 1100 823 1160 nobis
845 1103 958 1161 certius
980 1103 1056 1180 ipsis

165 1198 222 1249 700
236 1191 374 1252 sensibus
396 1208 463 1251 esse
485 1197 596 1269 potest,
618 1190 671 1266 qui
692 1206 761 1247 vcra
783 1206 817 1249 ac
839 1188 912 1248 falsa
934 1185 1097 1250 notemus?
1136 1202 1179 1241 τοο

166 1286 218 1335 695
236 1286 390 1359 praeterea
413 1296 503 1357 quare
526 1280 683 1355 φήεῳιειω
704 1278 799 1354 magis
822 1279 920 1336 omnia
941 1276 1026 1337 tollat

237 1375 267 1427 et
287 1366 359 1427 velit
381 1366 497 1426 ardoris
518 1372 655 1425 naturam
677 1364 812 1442 linquere
836 1364 941 1444 solam,

238 1473 326 1533 quam
348 1461 437 1532 neget
458 1470 524 1513 esse
546 1455 634 1531 ignis,
656 1449 778 1529 quidvis
799 1459 899 1513 tamen
917 1470 984 1513 esse
1003 1450 1179 1531 relinquat?

237 1561 330 1621 aequa
352 1541 468 1601 videtur
491 1543 571 1600 enim
592 1540 740 1601 dementia
763 1540 863 1601 dicere
884 1548 1057 1619 utrumque.

167 1637 222 1688 705
279 1630 464 1708 Quapropter
486 1631 537 1706 qui
559 1630 714 1688 materiem
737 1646 838 1689 rerum
860 1647 927 1689 esse
949 1636 1096 1708 putarunt
1138 1644 1179 1683 ros

168 1727 220 1778 τοο
238 1721 338 1796 ignem
361 1723 448 1795 atque
471 1735 507 1776 en
529 1718 593 1795 igni
614 1734 759 1776 summam
781 1718 945 1777 consistere
968 1734 1073 1798 posse,

234 1814 265 1866 et
286 1807 339 1883 qni
359 1806 541 1884 principium
562 1804 721 1882 gignundis
739 1808 807 1863 aera
829 1803 919 1865 rebus

238 1896 432 1974 constituere,
454 1898 505 1953 aut
526 1911 661 1953 umorem
685 1894 862 1972 quicumque
885 1899 1029 1973 putarunt

238 1984 350 2061 tingere
372 1999 422 2042 res
444 1983 542 2060 ipsum
563 1999 618 2061 per
641 1999 686 2062 se,
709 1988 853 2041 terramve
877 2000 978 2042 creare

169 2081 223 2131 710
239 2073 337 2132 omnia
358 2077 389 2131 et
411 2071 443 2129 in
464 2088 566 2131 rerum
587 2076 708 2130 naturas
730 2071 841 2130 vertier
862 2072 972 2150 omnis,
1140 2086 1179 2126 na

170 2169 221 2219 705
239 2177 345 2238 magno
368 2176 458 2237 opere
480 2177 498 2219 a
519 2176 588 2218 vero
611 2157 698 2236 longe
720 2157 855 2218 derrasse
879 2158 1025 2218 videntur,

240 2248 314 2309 adde
337 2248 426 2308 etiam
448 2249 500 2324 qui
521 2245 730 2325 conduplicant
750 2245 913 2323 primordia
936 2264 1039 2306 rerum

240 2341 308 2397 aira
331 2338 486 2414 iungentes
510 2336 573 2413 igni
593 2342 764 2412 terramque
786 2332 908 2414 liquori,

239 2433 271 2486 et
293 2427 345 2502 qui
367 2430 504 2502 quattuor
527 2441 563 2482 ex
585 2420 676 2483 rebus
697 2439 785 2500 posse
809 2424 907 2482 omnia
929 2432 1034 2483 rentur

170 2522 223 2573 715
240 2533 276 2575 en
298 2514 361 2592 igni
382 2519 462 2572 terra
484 2518 572 2589 atque
595 2512 692 2570 anima
714 2527 905 2588 procrescere
929 2517 958 2570 et
980 2511 1080 2572 imbri.
1140 2527 1179 2567 vm

171 2611 222 2660 ‘110
241 2619 367 2681 quorum
389 2600 600 2677 Acragantinus
625 2616 691 2657 cum
713 2600 819 2677 primis
841 2597 1036 2677 Empedocles
1061 2608 1121 2681 est,

240 2689 337 2750 insula
360 2706 448 2766 quem
469 2688 626 2765 triquetris
648 2692 796 2746 terrarum
818 2689 911 2764 gessit
933 2689 964 2746 in
988 2690 1065 2768 oris,

241 2796 329 2857 quam
351 2777 470 2837 fluitans
493 2777 605 2836 circum
627 2775 741 2852 magnis
764 2774 944 2835 anfractibus
967 2793 1080 2854 aequor

239 2864 355 2927 lonium
378 2864 489 2944 glaucis
512 2865 643 2943 aspargit
663 2865 744 2923 virus
767 2861 803 2922 ab
826 2862 928 2943 undis,

171 2962 423 3033 720angustoque
445 2954 524 3013 fretu
545 2950 682 3030 rapidum
704 2969 785 3011 mare
807 2949 912 3011 dividit
934 2951 1050 3011 undans
1141 2968 1179 3006 vso

172 3052 223 3103 715
241 3043 341 3104 ltaliae
363 3049 512 3102 terrarum
530 3057 596 3100 oras
618 3058 636 3099 a
658 3038 767 3100 linibus
789 3041 862 3099 eius.

242 3133 290 3193 hic
313 3137 360 3191 est
381 3137 464 3190 vasta
486 3127 661 3208 Charybdis,
684 3135 714 3187 et
735 3127 783 3188 hic
806 3127 933 3187 Aetnaea
955 3129 1110 3189 minantur

133 3265 140 3279 .
241 3237 394 3281 murmura
416 3218 599 3278 ssammarum
620 3234 741 3276 rursum
765 3234 796 3275 se
820 3214 957 3293 colligere
981 3217 1055 3297 iras,

243 3307 376 3370 faucibus
400 3312 538 3366 eructans
559 3307 667 3365 iterum
690 3306 735 3364 vis
757 3310 791 3365 ut
813 3310 910 3364 vomat
932 3306 1010 3382 ignis

173 3405 229 3458 725
244 3398 279 3458 ad
303 3395 475 3473 caelumque
498 3395 573 3454 ferat
594 3393 723 3453 flammai
745 3392 861 3472 fulgura
884 3410 1012 3452 rursum.
1144 3408 1182 3450 ⁷2⁵

174 3494 225 3545 720
244 3505 318 3566 quae
342 3501 410 3546 cum
432 3500 537 3560 magna
557 3481 654 3541 modis
677 3480 777 3541 multis
800 3480 934 3541 miranda
956 3481 1076 3542 videtur
