2484 3800
170 166 211 231 18
664 162 677 216 1

169 301 222 367 610
241 328 364 390 corpora
387 308 563 371 constabunt
585 327 621 370 en
644 310 779 389 partibus
801 308 941 390 infinitis3

241 401 349 478 quippe
371 398 424 459 uhi
446 398 584 459 dimidiae
606 399 700 476 partis
722 416 791 477 pars
815 414 934 477 semper
956 396 1078 459 habebit

240 485 392 546 dimidiam
414 493 541 567 partem,
564 504 620 545 nec
643 504 691 546 res
714 486 870 565 praefiniet
892 484 961 545 ulla.

242 592 311 653 ergo
334 592 435 636 rerum
457 576 536 635 inter
558 592 703 634 summam
724 576 938 651 minimamque
962 574 1036 651 quid
1057 570 1158 635 escit?

171 667 230 721 620
243 661 285 722 nil
308 664 365 723 erit
385 668 420 723 ut
442 662 564 723 distenta
586 680 656 721 nam
678 664 811 740 quamvis
834 661 968 722 funditus
992 665 1089 723 omnis
1141 676 1189 717 sao

172 756 225 807 616
244 768 357 811 summa
379 752 420 810 sit
440 750 567 830 infinita,
589 757 701 830 nmen,
723 752 900 828 parvissima
923 768 999 827 quae
1024 757 1107 833 sunt,

242 857 278 900 en
301 840 426 899 infinitis
448 837 624 899 constabunt
645 837 781 917 partibus
803 856 905 918 acque.

242 927 321 1005 quod
343 928 482 1005 quoniam
504 928 579 987 ratio
602 925 743 986 reclamat
764 944 834 987 vera
856 931 1005 1005 negatque

243 1014 365 1075 credere
387 1031 475 1093 posse
499 1017 644 1095 animum,
666 1016 762 1075 victus
784 1015 894 1075 fateare
917 1022 1075 1075 necessest

173 1108 230 1161 625
244 1121 310 1164 esse
333 1121 367 1164 ea
390 1120 464 1181 quae
487 1102 576 1163 nullis
599 1104 657 1162 iam
679 1102 813 1181 praedita
834 1101 970 1183 partibus
994 1110 1098 1164 extent
1143 1115 1189 1157 aas

173 1199 226 1248 aad
244 1198 275 1252 et
295 1193 417 1251 minima
441 1197 577 1251 constent
598 1197 711 1252 natura.
748 1208 823 1269 quae
848 1191 988 1269 quoniam
1012 1198 1096 1272 sunt,

244 1278 294 1339 illa
317 1296 433 1357 quoque
456 1296 522 1339 esse
544 1278 600 1339 tibi
623 1278 716 1339 solida
739 1286 827 1357 atque
851 1285 972 1339 aeterna
995 1278 1159 1341 latendum.

245 1366 372 1445 denique
395 1368 422 1426 si
443 1369 580 1427 minimas
601 1368 634 1426 in
656 1368 749 1445 partis
772 1374 878 1427 cuncta
900 1365 1011 1427 resolvi

245 1472 350 1533 cogere
373 1462 546 1515 consuesset
567 1471 668 1515 rerum
690 1461 795 1515 natura
818 1457 959 1535 creatrix,

175 1544 255 1610 6001
273 1539 281 1547 “
297 1606 311 1620 ᾖ
324 1541 368 1601 nil
389 1561 426 1602 ex
448 1542 507 1602 illis
529 1542 631 1603 eadem
654 1560 792 1621 reparare
815 1541 926 1603 valeret
1145 1556 1187 1597 660

175 1628 265 1716 onigp
300 1636 402 1708 pterea
424 1632 506 1711 quia,
528 1648 603 1708 quae
626 1630 716 1691 nullis
739 1637 810 1691 sunt
830 1629 965 1709 partibus
989 1638 1091 1714 aucta,

220 1727 306 1778 'non
326 1725 452 1796 possunt
473 1736 507 1779 ea
531 1736 605 1796 quae
628 1718 716 1780 debet
738 1718 875 1797 genitalis
896 1717 1008 1779 habere

246 1807 399 1886 materies,
420 1808 516 1866 varios
540 1824 670 1866 conexus
692 1805 822 1885 pondera
844 1805 945 1885 plagas

246 1911 407 1954 concursus
428 1902 540 1976 motus,
561 1913 615 1974 per
639 1913 713 1973 quae
736 1913 786 1956 res
808 1913 943 1974 quaeque
966 1903 1124 1974 geruntur.

177 1988 231 2041 636
302 1981 486 2061 Quapropter
509 1985 560 2062 qui
582 1985 737 2043 materiem
759 2001 860 2044 rernm
883 2001 949 2044 esse
971 1991 1120 2062 putarunt
1147 1998 1186 2040 ⁶³⁵

177 2078 228 2128 630
246 2072 345 2148 ignem
368 2077 455 2149 atque
478 2089 514 2131 cx
536 2073 599 2149 igni
621 2089 766 2131 summam
789 2073 952 2131 consistere
976 2071 1055 2154 solo,

246 2176 351 2237 magno
374 2177 464 2238 opere
486 2177 503 2220 a
525 2176 594 2219 vera
616 2158 692 2237 lapsi
714 2160 827 2219 ratione
850 2159 997 2221 videntur.

245 2245 410 2307 Heraclitus
433 2248 489 2307 init
511 2264 638 2325 quor-um
660 2246 719 2306 dux
741 2245 854 2325 proelia
876 2249 1006 2328 primus,

246 2334 343 2395 clarus
365 2331 400 2396 ob
423 2333 579 2395 obscuram
601 2333 732 2412 linguam
754 2336 848 2413 magis
870 2335 951 2394 inter
973 2337 1073 2396 inanis

176 2428 230 2481 640
244 2422 368 2500 quamde
391 2424 487 2501 gravis
510 2425 588 2482 inter
610 2421 727 2503 Graios,
751 2424 802 2502 qui
824 2440 894 2482 vera
916 2425 1091 2501 requirunt:
1147 2439 1186 2479 aro
1237 2495 1238 2507 ἵ

176 2516 228 2567 aaa
246 2513 345 2570 omnia
368 2512 447 2570 enim
470 2509 570 2570 stolidi
591 2512 685 2588 magis
708 2509 891 2570 admirantur
914 2518 1089 2595 amantque,

246 2600 371 2658 inversis
395 2616 470 2677 quae
493 2596 548 2657 sub
570 2595 669 2657 verbis
692 2596 834 2658 latitantia
856 2606 997 2679 cernunt,

246 2703 372 2763 veraque
395 2687 580 2747 constituunt
602 2702 676 2763 quae
698 2684 775 2746 belle
797 2692 920 2764 tangere
941 2695 1071 2765 possunt

247 2773 326 2832 auris
349 2780 379 2834 et
400 2772 498 2852 lepido
522 2790 596 2850 quaa
619 2779 689 2833 sunt
710 2773 807 2834 iucata
829 2791 945 2834 sonore.

176 2865 230 2917 645
290 2859 363 2920 Nam
386 2879 440 2922 cur
460 2868 521 2921 tam
543 2861 641 2920 variae
664 2878 713 2920 res
734 2868 856 2940 possent
879 2879 960 2942 esse,
983 2864 1122 2945 requiro,
1144 2878 1185 2919 aas

175 2954 228 3003 640
246 2965 283 3007 ex
304 2965 364 3007 uno
387 2951 414 3009 si
437 2955 506 3010 sunt
526 2950 589 3027 igni
611 2966 745 3027 puroque
768 2946 906 3010 creatae?

244 3034 288 3094 nil
309 3035 464 3113 prodesset
486 3037 566 3096 enim
588 3035 716 3096 calidum
738 3036 892 3097 denserier
914 3038 1015 3114 ignem

245 3139 301 3182 neo
323 3125 468 3204 mederi,
491 3125 518 3184 si
539 3130 639 3203 partes
661 3125 739 3203 ignis
762 3123 885 3184 eandem

245 3216 380 3270 naturam
403 3229 490 3289 quam
512 3218 592 3273 totus
614 3211 704 3272 hahet
725 3229 815 3291 super
838 3214 915 3291 ignis
938 3211 1094 3275 haberent.

176 3303 231 3355 660
246 3300 343 3358 acrior
364 3299 452 3358 ardor
474 3301 553 3360 enim
576 3300 729 3361 conductis
751 3300 885 3379 partibus
909 3308 1003 3384 esset,
1143 3319 1185 3361 ooo

175 3391 227 3442 646
246 3385 411 3465 languidior
433 3404 521 3465 porro
546 3386 678 3449 disiectis
701 3386 808 3467 desque
832 3392 959 3469 supatis:

246 3474 371 3554 amplius
394 3474 450 3534 hoc
472 3475 538 3534 lieri
560 3475 603 3535 nil
626 3483 672 3537 est
695 3477 773 3555 quod
795 3495 883 3556 posse
906 3480 1002 3540 rearis
