2484 3800
538 152 578 206 IV

55 314 113 363 67⁶
129 298 270 377 paulatim
293 296 387 357 facilis
409 296 568 358 distractus
590 300 623 358 in
646 301 723 359 aeris
746 318 845 380 auras,

130 405 165 447 ex
189 386 247 447 alto
269 387 398 464 primum
422 388 490 464 quia
512 388 560 446 vix
584 388 729 447 emittitur
752 406 786 447 err
808 406 854 450 re:

130 493 197 535 narn
220 476 339 553 penitus
362 474 455 534 fluere
478 480 564 553 atque
587 475 728 535 recedere
751 475 840 535 rebus
863 475 969 537 odores
1025 496 1065 538 aes

130 563 276 642 significat
299 562 377 640 qnod
399 563 492 622 iracta
514 565 608 640 magis
631 562 765 624 redolere
788 564 924 624 ridentur

57 667 116 717 695
132 654 243 731 omnia,
267 650 344 728 quod
368 653 507 731 contrita,
530 651 609 729 quod
632 653 694 730 igni
717 650 926 713 conlabefacta:

56 756 112 806 680
130 740 237 801 deinde
259 738 359 799 ridere
382 738 452 799 licet
474 738 635 799 maioribus
658 758 723 800 esse
748 746 879 800 creatum

128 829 285 907 principiis
307 845 394 905 quarn
417 844 486 907 ror,
509 830 647 906 qnoniam
669 846 724 906 per
746 846 833 889 saxea
856 835 956 907 saepta

129 934 190 976 non
212 921 361 995 penetrat,
383 933 440 993 qua
462 933 517 975 ror
540 915 624 993 volgo
648 918 820 996 sonitusque
842 916 986 977 feruntur.
1026 937 1065 977 roo

131 1022 222 1083 quare
245 1006 333 1064 etiam
356 1003 434 1081 quod
458 1003 517 1063 olet
539 1022 599 1064 non
620 1010 681 1063 tarn
704 1004 788 1065 iacile
812 1022 878 1065 esse
900 1003 1013 1064 ridebis

59 1109 115 1160 700
130 1094 308 1169 investigare
331 1094 363 1151 in
385 1110 443 1169 qua
465 1094 504 1151 sit
526 1094 647 1169 regione
670 1092 809 1153 locatum:

60 1197 111 1245 685
128 1181 299 1259 refrigescit
320 1182 401 1239 enim
423 1180 588 1241 cunctando
611 1180 696 1259 plaga
717 1199 772 1259 per
794 1199 894 1261 auras,

128 1287 186 1330 nec
209 1267 304 1328 calida
325 1268 361 1328 ad
385 1286 505 1328 sensum
528 1268 689 1329 decurrunt
711 1271 813 1329 nuntia
836 1287 944 1330 rerum.

129 1363 233 1433 errant
254 1373 342 1434 saepe
365 1374 452 1416 canes
477 1359 577 1435 itaque
600 1364 630 1417 et
652 1359 774 1434 vestigia
797 1364 950 1435 quaerunt
1025 1377 1064 1418 ros

174 1439 184 1528 li
197 1444 258 1504 Nec
281 1451 379 1504 tamen
400 1445 457 1505 hoc
480 1444 551 1505 solis
573 1447 605 1505 in
628 1444 768 1506 odoribus
791 1452 878 1524 atque
902 1463 1040 1524 saporum

60 1549 113 1602 705
128 1536 161 1594 in
184 1539 335 1613 generest,
358 1532 504 1593 seditem
527 1534 642 1611 species
664 1551 765 1594 rerum
788 1541 875 1612 atque
898 1533 1011 1595 colores

60 1640 110 1689 coo
129 1639 191 1682 non
213 1623 254 1680 ita
276 1622 455 1681 conveniunt
476 1621 512 1681 ad
535 1638 640 1682 sensus
664 1621 801 1682 omnibus
825 1640 940 1703 omnes,

129 1717 165 1770 ut
187 1727 247 1769 non
269 1711 331 1769 sint
352 1708 420 1769 aliis
442 1708 585 1787 quaedam
607 1712 701 1789 magis
723 1713 802 1771 acria
824 1713 898 1772 visu.

131 1799 205 1877 quin
228 1799 317 1857 etiam
339 1796 460 1878 galium,
481 1804 599 1858 noctem
621 1797 863 1877 explaudentibus
887 1798 942 1860 alis
1026 1820 1065 1861 no

131 1904 268 1948 auroram
291 1884 370 1946 clara
391 1893 565 1948 consuetum
586 1905 658 1948 voce
680 1905 797 1969 vocare,

57 1994 114 2045 710
129 1994 231 2037 noenu
252 1982 365 2053 queunt
386 1975 484 2035 rabidi
506 1982 608 2048 contra
631 1983 765 2037 constare
789 1975 889 2036 leones

57 2081 111 2132 oss
130 2067 223 2142 inque
245 2064 335 2123 tueri:
358 2064 398 2124 ita
422 2066 561 2123 continno
584 2066 745 2124 meminere
768 2065 861 2144 fugai,

130 2154 285 2232 nimirum,
308 2152 377 2230 quia
399 2158 469 2211 sunt
490 2150 633 2229 gallorum
656 2154 687 2211 in
710 2169 833 2230 corpore
857 2152 1000 2230 quaedam

132 2242 259 2319 semina,
282 2257 356 2317 quae
379 2257 447 2299 cum
469 2246 539 2300 sunt
561 2238 655 2299 oculis
677 2241 799 2299 inmissa
822 2239 953 2320 leonum,
1027 2261 1065 2302 ns

131 2327 259 2408 pupillas
281 2326 476 2388 interfodiunt
498 2345 654 2406 acremque
678 2327 808 2387 dolorem

57 2433 116 2486 715
130 2415 288 2496 praebent,
310 2424 344 2476 ut
365 2424 513 2494 nequeant
535 2423 636 2476 contra
660 2415 765 2476 durare
789 2415 916 2495 feroces;

59 2522 114 2573 τοο
133 2523 202 2565 cum
223 2510 323 2563 tamen
344 2503 416 2564 haec
438 2510 554 2563 nostras
577 2505 656 2564 acies
679 2503 721 2564 nil
744 2503 859 2563 laedere
882 2504 1009 2582 possint,

132 2600 183 2654 aut
205 2594 354 2671 quianon
377 2599 545 2672 penetrant,
567 2598 618 2652 aut
640 2592 718 2670 quod
740 2590 962 2671 penetrantibus
986 2590 1044 2651 illis

132 2683 231 2742 exitus
253 2698 290 2740 ex
312 2679 406 2740 oculis
428 2679 504 2740 liber
527 2679 625 2760 datur,
647 2681 678 2740 in
701 2679 875 2741 remorando
1028 2701 1068 2742 uo

133 2768 250 2828 laedere
272 2786 311 2828 ne
332 2770 449 2847 possint
470 2786 507 2828 ex
528 2767 588 2828 ulla
610 2768 721 2829 lumina
743 2775 834 2847 parte.
852 2763 863 2848 ss

60 2874 121 2926 720
176 2855 262 2917 Nunc
279 2874 342 2936 age,
360 2874 435 2934 quae
453 2864 588 2916 moveant
605 2859 735 2918 animum
754 2875 802 2916 res
817 2857 925 2935 accipe,
944 2861 975 2915 et
987 2854 1065 2916 unde

62 2960 115 3013 705
134 2963 209 3023 quac
232 2946 354 3004 veniunt
375 2947 493 3004 veniant
514 2947 547 3004 in
568 2952 698 3006 mentem
719 2947 839 3024 percipe
862 2945 974 3022 paucis.

134 3034 281 3111 principio
303 3032 360 3093 hoc
382 3032 462 3112 dico,
483 3051 586 3094 rerum
608 3033 764 3093 simulacra
786 3033 886 3110 vagari

133 3120 227 3182 multa
248 3120 344 3180 modis
366 3120 467 3182 multis
489 3123 522 3181 in
545 3127 665 3182 cunctas
688 3121 817 3200 undique
840 3122 932 3199 partis
1029 3142 1068 3183 ns

133 3212 245 3289 tenvia,
268 3227 343 3288 quae
366 3208 451 3269 iacile
474 3211 553 3270 inter
575 3227 607 3269 sc
631 3211 794 3288 iunguntur
816 3211 847 3269 in
870 3210 963 3288 auris,

61 3313 121 3367 725
135 3297 220 3358 obvia
242 3315 311 3358 cum
333 3300 468 3378 veniunt,
490 3305 524 3358 ut
545 3315 652 3358 aranea
674 3297 845 3377 bratteaque
868 3299 940 3358 auri.

62 3403 116 3453 rto
135 3387 378 3465 qnippe·etcnim
400 3385 493 3446 multo
515 3387 608 3464 magis
631 3386 703 3448 haec
727 3395 796 3448 sunt
818 3389 916 3447 tenvia
938 3390 1020 3445 textu

135 3493 223 3553 quam
246 3492 321 3552 quae
344 3476 514 3554 percipiunt
536 3475 637 3536 oculos
660 3478 813 3556 visumque
837 3474 997 3551 lacessunt,

822 3575 859 3628 8*
