2484 3800
534 162 573 218 VI
993 158 1053 225 187

46 318 106 369 545
123 310 226 371 subter
248 310 300 371 ubi
322 312 450 389 ingentis
474 309 628 390 speluncas
651 310 769 371 subruit
791 318 884 371 aetas:
1016 331 1056 373 545

46 415 105 464 570
125 401 235 478 quippe
258 398 367 459 cadunt
388 401 444 458 toti
466 407 595 479 montes,
617 417 780 477 magnoque
802 405 924 478 repente

123 505 270 547 concussu
292 486 349 546 late
374 486 544 566 disserpunt
566 487 635 547 inde
658 494 816 567 tremores3

123 582 154 635 et
176 577 295 655 merito,
319 577 456 652 quoniam
478 574 602 653 plaustri
625 593 767 635 concussa
788 581 971 634 tremescunt

122 670 213 743 tecta,
235 664 311 723 viam
333 669 467 744 propter,
489 681 549 724 non
571 681 676 741 magno
698 661 830 743 pondere
853 669 926 743 tota,

47 757 179 811 550050
201 752 299 810 minus
323 750 454 811 exultant
476 769 539 832 res,
561 759 595 811 ut
617 752 683 830 lapi’
706 768 832 830 cumque
854 752 913 809 viai
1016 770 1056 811 550

47 840 248 906 5751505105
270 840 420 917 utrimque
443 846 575 899 rotarum
598 842 725 899 succutit
747 837 843 898 orbes.

60 918 68 935 ⁸
124 927 157 986 fit
180 944 309 1006 quoque,
332 925 384 986 ubi
406 929 439 985 in
460 945 580 1006 magnas
603 946 692 988 acuae
715 934 869 1005 vastasque
893 924 1011 985 lacunas

123 1013 207 1106 gleba
229 1020 372 1075 vetustate
396 1033 412 1074 e
435 1022 515 1075 terra
537 1014 718 1094 provolvitur
739 1017 856 1094 ingens,

123 1109 156 1162 ut
178 1104 302 1163 iactetur
325 1120 416 1181 aquae
439 1102 531 1163 fluctu
553 1121 671 1182 quoque
693 1111 772 1163 terra
794 1100 945 1182 vacillaus3
1029 1143 1043 1152 „

47 1196 105 1247 555
122 1197 156 1251 ut
177 1209 227 1251 vas
250 1188 402 1251 interdurn
425 1208 484 1249 non
507 1193 571 1270 quit
593 1198 741 1271 constare,
763 1192 822 1250 nisi
846 1206 930 1250 umor
1016 1210 1054 1251 555

47 1295 103 1345 550
123 1279 237 1338 destitit
259 1280 291 1337 in
314 1277 403 1338 dubio
426 1278 517 1339 fluctu
539 1280 678 1339 iactarier
700 1282 787 1339 intus.

166 1365 322 1427 Praeterea
343 1374 448 1426 ventus
472 1384 539 1426 cum
561 1385 615 1445 per
637 1366 701 1426 loca
724 1366 849 1427 subcava
871 1372 968 1425 terrae

122 1452 262 1514 collectus
285 1461 368 1533 parte
392 1472 427 1514 ex
450 1472 509 1515 una
530 1454 698 1533 procumbit
721 1461 750 1514 et
771 1461 859 1532 urget

122 1541 248 1602 obnixus
270 1543 384 1619 magnis
407 1541 561 1621 speluncas
583 1542 695 1602 viribus
718 1541 803 1623 altas,

45 1638 106 1689 560
123 1630 269 1690 incumbit
290 1628 377 1689 tellus
401 1648 458 1708 quo
481 1632 561 1690 venti
582 1648 676 1709 prona
697 1633 806 1709 premit
826 1632 884 1690 vis:
1014 1651 1054 1693 500

45 1735 102 1784 585
121 1726 185 1778 tum
208 1735 316 1796 supera
337 1722 448 1777 terram
471 1735 544 1796 quae
567 1725 638 1779 sunt
659 1725 792 1779 extructa
814 1718 981 1799 domorum,

122 1805 158 1865 ad
181 1801 353 1883 caelumque
375 1808 468 1883 magis
491 1813 599 1884 quanto
623 1814 693 1867 sunt
715 1807 792 1867 edita
815 1825 961 1889 quaeque,

121 1892 262 1954 inclinata
284 1894 434 1954 minantur
456 1894 579 1966 eandem
601 1896 634 1955 in
655 1894 770 1974 prodita
792 1903 919 1976 partem,

121 1988 345 2061 protractaeque
368 1980 466 2042 trabes
490 1983 652 2061 inpendent
673 1985 717 2043 ire
739 1991 865 2061 paratae.

44 2075 105 2128 565
121 2077 156 2130 et
174 2077 309 2130 metuunt
331 2071 429 2147 magni
451 2077 585 2130 naturam
608 2070 730 2130 credere
752 2070 856 2130 mundi
1014 2094 1054 2135 505

44 2175 102 2225 500
122 2156 240 2218 exitiale
263 2156 380 2235 aliquod
402 2164 519 2236 tempus
541 2156 711 2236 clademque
734 2176 866 2238 manere,

122 2263 190 2306 eum
212 2245 331 2305 videant
352 2251 462 2304 tantam
485 2243 633 2305 terrarum
655 2245 826 2305 incumbere
848 2244 968 2307 motem!

123 2333 202 2412 quod
225 2335 284 2393 nisi
307 2335 455 2411 respirent
476 2335 569 2413 venti,
591 2335 636 2392 vis
658 2332 736 2393 nulla
759 2333 889 2394 refrenet

121 2439 170 2481 res
194 2438 290 2500 neque
314 2420 349 2481 ab
373 2422 462 2480 exitio
484 2422 579 2500 possit
600 2420 819 2500 reprehendere
842 2424 952 2482 euntis:

44 2517 105 2568 570
121 2527 200 2570 0000
223 2511 292 2588 quia
314 2510 461 2587 respirant
484 2508 604 2570 alternis
627 2511 716 2587 inque
739 2516 914 2587 gravescunt
1014 2532 1054 2574 cao

45 2612 102 2664 595
123 2605 153 2657 et
176 2599 261 2676 quasi
284 2595 399 2657 collecti
421 2596 546 2657 redeunt
568 2583 734 2675 ceduntque
757 2595 881 2677 repulsi,

122 2688 240 2764 saepius
262 2683 337 2744 banc
360 2683 398 2744 ob
421 2702 484 2745 rem
507 2686 660 2746 minitatur
682 2692 761 2744 terra
783 2687 884 2745 ruinas

121 2791 209 2852 quam
232 2773 313 2832 lacit:
336 2772 495 2833 inclinatur
518 2775 596 2834 enim
619 2781 758 2851 retroque
780 2772 908 2854 recellit,

121 2869 151 2921 et
173 2862 279 2939 recipit
299 2859 436 2939 prolapsa
458 2879 526 2922 suas
549 2862 580 2920 in
602 2861 733 2940 pondera
756 2860 850 2922 sedes.

45 2955 103 3007 575
120 2950 175 3009 hac
198 2951 288 3028 igitur
310 2950 423 3008 ratione
445 2947 582 3009 vacillant
604 2943 702 3008 omnia
724 2956 815 3029 tecta,
843 2943 846 2947 ’
1013 2971 1052 3013 aaa

45 3053 100 3103 500
121 3055 235 3097 summa
257 3037 350 3114 magis
372 3036 491 3117 mediis,
514 3036 610 3097 media
632 3038 714 3116 imis,
737 3039 796 3096 ima
817 3036 973 3114 perbilum.

118 3168 122 3178 .
163 3125 216 3185 Est
237 3123 310 3184 baec
333 3124 466 3185 eiusdem
489 3142 605 3203 quoque
628 3126 727 3202 magni
750 3142 837 3184 causa
859 3127 1010 3205 tremoris,

118 3220 223 3273 ventus
251 3211 303 3272 ubi
326 3219 412 3290 atque
436 3214 548 3272 animae
573 3211 670 3272 subito
693 3213 738 3270 vis
760 3214 886 3273 maxima
909 3213 1052 3292 quaedam

119 3307 169 3361 aut
192 3302 376 3360 extrinsecus
400 3307 450 3360 aut
472 3302 536 3378 ipsa
557 3298 663 3360 tellure
686 3306 786 3361 coorta

43 3392 150 3449 58010
173 3387 237 3448 1005
260 3407 291 3448 55
314 3406 383 3448 cava
405 3390 496 3448 terrai
518 3390 671 3469 coniecit·
680 3387 780 3466 ibique
1012 3411 1053 3452 550

43 3493 99 3543 505
119 3476 274 3556 speluncas
296 3477 373 3536 inter
396 3494 515 3555 magnas
538 3477 637 3538 fremit
659 3484 726 3537 ante
749 3476 877 3538 tumultu
