2484 3800
158 167 220 222 LIV
483 220 487 226 ,
523 166 804 223 PROLEGOMENA.

158 311 312 376 succedere
335 311 443 394 fauces
464 312 554 374 Goeb.
578 321 691 392 quaest.
712 332 740 392 p.
764 311 817 393 29,
838 312 983 392 probante
1005 313 1078 374 Poli
1105 313 1129 375 l.
1157 333 1187 376 c.

159 422 187 481 p.
207 400 285 464 335:
307 418 421 480 supera
440 400 498 472 00.
517 419 562 479 vg.
580 435 626 446 —
642 399 653 480 fl
670 399 844 464 613—621
863 397 875 482 fl
891 400 987 462 ka.
1011 420 1186 480 argumen-

159 498 222 550 tum
235 490 284 551 hic
298 490 467 551 inchoatum
482 485 658 552 781-794
671 490 766 550 fusius
780 491 900 550 tractari
915 497 947 550 et
959 489 1073 550 absolvi
1085 491 1182 552 vidit.

160 609 203 620 —-
226 575 291 640 615
314 577 501 641 ommibus
523 576 582 648 00.
605 577 658 638 Mr.
682 576 777 638 Bima
798 579 930 656 pectere,
955 581 1032 638 miro
1055 596 1182 660 errore,
1240 574 1241 651 ζ

160 665 222 726 Lm.
240 664 272 726 B.
285 699 330 709 -
345 663 407 727 631
429 663 523 727 hand
538 663 653 746 iqitur
670 664 732 726 Lm
749 665 796 726 B.:
818 663 961 727 aeeditnm
979 666 1038 737 00.
1057 665 1183 729 andita
1240 672 1241 745 ᾗ

160 753 287 814 absurde
308 753 361 814 Mr.
385 787 427 796 -
444 749 456 834 ss
473 750 646 815 632-667
664 750 676 830 Β
692 753 725 812 hi
751 753 809 814 duo
836 753 907 835 loci,
929 756 981 833 qui
1008 762 1080 815 sunt
1106 754 1179 817 622
1240 754 1241 765 ’

160 839 268 903 -631
292 848 323 902 et
340 839 516 904 668-676
538 841 575 901 35
594 841 698 902 eodem
716 860 805 901 versu
827 843 1005 920 incipientes
1028 846 1071 903 ite
1094 843 1179 904 alter
1240 868 1241 871 ¹

160 930 285 990 alterum
312 931 448 1007 excipere
476 928 585 990 debent
611 937 645 990 nt
668 927 781 991 11478
805 947 869 1008 sqq.
892 937 923 990 et
944 928 1011 992 522
1035 947 1102 1009 sqq.
1130 964 1178 975 —

160 1015 226 1080 645
247 1017 374 1081 simul
397 1016 455 1088 00.
477 1013 569 1080 semei
589 1016 652 1078 Lm.
671 1017 702 1078 B.
719 1017 772 1078 ΜΓ.
796 1049 839 1061 -
862 1015 927 1079 655
950 1037 1014 1097 sqq.
1036 1017 1178 1080 micanti

160 1100 237 1189 (Lm.
259 1099 328 1189 Mr.)
350 1103 498 1184 capenas
519 1104 620 1167 canda
635 1122 762 1184 procero
785 1122 908 1184 coepere
929 1107 1109 1169 annaneane
1131 1106 1179 1169 sit

160 1191 293 1256 inritam:
306 1211 432 1273 procem
449 1211 571 1272 empore
586 1195 748 1271 ntnnnqne
761 1192 820 1264 00.
837 1195 1005 1272 sepeciem
1023 1188 1174 1279 (Marcii.)
1240 1244 1241 1273 q

160 1281 261 1344 canda
282 1299 438 1361 emacem
460 1298 582 1360 coepere
602 1279 755 1359 utrimque
776 1281 838 1342 Lm.
860 1279 998 1343 minanti
1017 1282 1175 1362 serpentis
1240 1284 1241 1363 t

278 1367 501 1447 ...attimqne
527 1368 616 1428 Goeh.
646 1376 757 1447 qemest.
779 1368 897 1430 Lucret.
919 1389 947 1449 p.
970 1368 1015 1433 25
1034 1417 1041 1432 .
1057 1418 1088 1432 ..
1107 1388 1174 1434 ser-
1240 1374 1241 1421 t

155 1455 260 1537 pentis
277 1455 378 1519 canda
388 1474 516 1535 procero
533 1473 663 1534 corpere,
685 1458 848 1535 anumque
864 1476 883 1515 e
895 1458 949 1518 Mr.
968 1458 1040 1519 oiim
1058 1462 1172 1539 scripsi
1240 1436 1241 1523 1

161 1543 289 1607 micanti
306 1546 472 1625 serpentem
491 1537 551 1627 (vel
568 1537 751 1628 serpentini)
765 1543 874 1621 canda,
886 1563 1013 1624 precem
1031 1545 1171 1626 amon’

161 1637 267 1696 trunco
297 1633 397 1713 philol.
423 1632 526 1693 XXVII
552 1629 608 1713 50,
636 1632 714 1709 qnod
743 1651 810 1692 cum
837 1633 970 1695 Goebelii
997 1638 1172 1698 coniectura
1241 1659 1242 1676 ³

161 1723 377 1802 contaminans,
398 1727 432 1782 nt
455 1723 520 1800 ipse
543 1721 596 1800 ait,
620 1719 732 1780 Susem.
754 1719 905 1799 serpentis
917 1739 1083 1800 procerem
1104 1741 1170 1786 cer-

156 1807 246 1890 peri'
278 1812 419 1872 trnncmn
454 1809 537 1888 iecit,
568 1826 753 1887 nequaquam
785 1815 884 1870 tamen
915 1811 1113 1892 confidenter,
1142 1832 1169 1873 v.

161 1897 261 1979 philol.
279 1897 382 1959 xxvn
399 1893 450 1959 57.
492 1895 616 1957 absolvit
633 1915 698 1957 rem
715 1895 879 1959 Giussenus
896 1895 1045 1977 sementes
1066 1899 1170 1963 canda

156 2004 282 2067 procero
303 2003 425 2065 coepere
446 1986 588 2047 truncam
610 1984 754 2066 scribens,
775 1987 795 2046 i
813 2004 839 2047 e.
863 1988 889 2046 si
911 1991 1060 2066 serpentis
1083 1996 1171 2062 trun-¹

163 2094 230 2137 cum
253 2077 292 2136 sit
313 2074 429 2135 lihitum
452 2073 611 2153 discidere3
639 2080 776 2134 truncum
801 2073 887 2154 dicit,
909 2093 978 2134 nam
1000 2076 1077 2136 colio
1100 2096 1168 2156 par·

163 2164 289 2225 cendum
308 2180 375 2223 esse
394 2162 522 2223 declarat
538 2180 564 2223 r.
584 2158 657 2223 660.
676 2195 718 2204 -
738 2159 800 2222 661
820 2160 995 2225 ardentem
1010 2166 1048 2225 nt
1062 2182 1168 2227 marsa

157 2253 282 2332 premat
305 2248 368 2312 icta
393 2247 538 2330 dolorem,
560 2249 660 2329 philol.
682 2248 786 2309 XXVII
806 2247 873 2311 432
900 2259 960 2312 net.
983 2249 1017 2311 2:
1044 2251 1168 2315 ardenti

163 2336 329 2403 ...dotare
346 2338 405 2409 00.
423 2336 545 2400 ardenti
559 2384 565 2398 .
579 2382 587 2398 .
601 2382 609 2398 .
624 2333 756 2399 daiomm
773 2336 835 2397 Lm.
854 2336 886 2398 B.
905 2370 948 2382 -
967 2336 1033 2401 670
1049 2356 1167 2420 supera

162 2430 233 2491 ante
249 2430 351 2490 actam
368 2428 497 2488 aetatem
513 2424 586 2486 Rob.
604 2424 712 2503 Unger.
729 2441 822 2503 saper
838 2424 897 2497 00.
916 2425 981 2487 edd.
1001 2428 1037 2488 ci.
1055 2427 1080 2486 V
1093 2428 1165 2492 326.

162 2524 230 2578 ante
257 2524 320 2577 acta
348 2522 427 2575 netes
454 2520 500 2575 est
522 2512 594 2573 haec
617 2520 711 2595 aetas,
734 2520 875 2591 quantum
898 2516 964 2575 eius
985 2523 1166 2578 transactum

163 2612 216 2665 est.
239 2636 282 2647 —
305 2600 370 2665 678
393 2600 542 2681 animae,
564 2619 633 2661 nam
659 2602 691 2661 in
718 2600 856 2661 dentibus
880 2594 931 2685 (ci.
954 2621 980 2663 v.
1004 2596 1084 2687 606)
1107 2624 1165 2666 non

162 2699 209 2754 est
226 2694 350 2752 animus.
378 2687 479 2751 animi
492 2688 550 2760 00.
566 2688 631 2749 edd.
645 2720 688 2732 -
703 2686 768 2751 682
785 2687 884 2751 eicere
896 2686 995 2751 seiam
1009 2685 1164 2778 (animam)

163 2776 227 2843 683
246 2775 390 2859 armenii,
407 2780 444 2839 at
458 2793 550 2839 sensa
567 2792 675 2855 cemus
693 2778 794 2838 tamen
811 2779 917 2855 astnat
932 2795 1031 2840 omne:
1049 2778 1167 2860 afftnat

162 2868 221 2940 00.
239 2864 332 2947 asnat
348 2865 479 2927 scribere
498 2883 586 2925 ausus
605 2882 681 2946 sum,
701 2864 779 2943 qnod
802 2873 869 2925 ente
892 2883 940 2926 me
963 2866 1056 2928 scribi
1079 2871 1165 2931 iussit

162 2955 404 3036 Gressbergerns‚
422 2953 458 3014 de
476 2952 594 3013 Lucret.
613 2956 752 3033 carmine,
770 2953 939 3013 Monichiae
961 2952 1045 3016 1856
1067 2975 1096 3035 p.
1114 2956 1163 3020 54.

162 3046 332 3124 scripsisset
360 3042 430 3123 hcc,
458 3040 536 3121 quod
563 3059 656 3101 unum
682 3048 783 3121 aptum
810 3049 868 3117 est,
895 3040 1113 3126 Lachmannus‚
1138 3048 1164 3105 si

161 3134 250 3193 huius
272 3131 354 3191 modi
376 3131 537 3209 composita
559 3132 591 3189 in
613 3148 671 3189 usu
693 3136 826 3190 veterum
849 3129 940 3189 fuisse
964 3130 1162 3194 demonstrare

161 3228 276 3302 posset,
303 3220 339 3280 cf.
366 3219 403 3280 ad
426 3216 491 3281 685
519 3225 687 3299 comment3
716 3217 793 3297 quod
825 3220 946 3296 scripsit
978 3222 1083 3281 aaa
1107 3223 1162 3301 ipsi

160 3327 266 3389 parum
292 3308 409 3388 placere
437 3313 565 3385 apparet.
611 3306 700 3367 abicit
726 3324 845 3366 versum
871 3305 918 3387 B.‚
944 3308 1017 3367 item
1044 3308 1096 3369 Mr.
1122 3341 1161 3353 -
1241 3298 1242 3329 ¹

161 3395 225 3460 687
253 3399 381 3461 morans
404 3394 462 3466 00.
484 3394 537 3453 Mr.
561 3393 627 3472 Brg.
654 3393 754 3473 philoi
781 3392 884 3453 xxvn
911 3390 952 3456 51
977 3412 1021 3473 sq.
1048 3414 1162 3460 mersus

160 3484 223 3548 Lm.
255 3484 287 3547 Β.
319 3520 362 3531 -
395 3480 460 3548 688
495 3478 599 3544 sabito
635 3479 692 3544 his
724 3498 741 3544 e
772 3478 927 3561 senectus,
960 3481 1031 3545 ibid.
1059 3482 1161 3549 naias
