2484 3800
565 192 590 246 V

70 343 198 397 656161
220 339 289 415 quia
312 337 356 397 sol
379 338 472 420 idem,
494 338 548 399 sub
571 346 668 399 terras
690 338 739 398 ille
763 347 927 421 revertens,

145 428 288 505 anticipat
311 424 424 486 caelum
446 427 537 488 radiis
560 427 722 488 accendere
745 434 905 509 temptans,

146 520 198 574 aut
220 516 289 592 quia
312 516 490 576 conveniunt
512 518 596 595 ignes
619 522 650 575 et
672 516 784 575 semina
805 515 897 576 multa
1040 536 1079 577 eoo

147 602 296 663 confluere
320 602 434 663 ardoris
457 611 640 665 consuerunt
660 610 793 683 tempore
817 610 912 683 certo,

19 748 24 759 .
72 708 127 758 666
148 708 223 770 quae
247 691 358 751 iaciunt
381 690 451 752 solis
474 710 548 753 nova
571 709 689 772 semper
710 691 822 752 lumina
843 693 937 769 gigni:

73 787 130 838 661
147 778 226 859 quod
248 796 341 857 genus
363 777 459 841 Idaeis
479 780 585 863 iamast
606 799 623 840 e
645 778 795 841 montibus
818 779 885 839 altis

146 868 298 946 dispersos
321 870 399 946 ignis
421 870 529 930 orienti
550 868 662 930 lumine
685 870 781 949 cerni,

148 956 217 1016 inde
231 956 312 1016 coire
326 955 446 1034 globum
460 959 544 1037 quasi
558 959 590 1017 in
604 974 696 1018 unum
711 962 741 1017 et
753 957 899 1017 conticere
914 953 1024 1016 orbem.
1039 978 1080 1019 616

147 1062 205 1104 nec
225 1051 324 1105 11111611
347 1044 419 1104 illud
441 1047 473 1105 in
494 1046 541 1105 his
563 1043 655 1106 rebus
676 1043 811 1105 mirabile
834 1043 922 1104 debet

75 1151 128 1201 666
148 1150 229 1213 6666,
252 1131 330 1211 quod
351 1132 424 1193 haec
445 1135 524 1212 ignis
544 1141 606 1195 tam
629 1140 710 1193 certo
732 1140 866 1212 tempore
888 1139 1013 1212 possunt

76 1230 134 1281 666
148 1214 262 1281 semina
285 1220 433 1281 confluere
455 1228 486 1281 et
508 1221 579 1281 solis
602 1240 740 1301 reparare
763 1224 898 1282 nitorem.

148 1308 241 1370 multa
263 1307 396 1369 videmus
419 1311 512 1389 enim,
535 1315 615 1369 certo
639 1327 713 1388 quae
736 1316 868 1389 tempore
892 1310 966 1370 bunt

149 1396 286 1463 omnibus
309 1398 341 1457 in
362 1396 461 1459 rebus.
497 1397 658 1458 florescunt
679 1404 812 1477 tempore
835 1404 916 1457 certo
1042 1418 1081 1459 616

149 1485 270 1546 arbusta
292 1493 323 1545 et
344 1491 425 1546 certo
448 1485 601 1545 dimittunt
622 1493 756 1565 tempore
779 1486 896 1545 florem:

77 1592 206 1643 666666
229 1575 381 1633 1611166111
404 1579 485 1634 certo
509 1573 613 1634 dentes
636 1574 741 1635 cadere
755 1576 889 1653 imperat
911 1580 991 1634 aetas

77 1670 134 1722 671
150 1669 283 1740 tempore
307 1668 337 1721 et
358 1660 499 1739 inpubem
521 1661 603 1722 molli
625 1662 788 1741 pubescere
810 1669 913 1723 veste·

151 1756 182 1811 et
203 1751 315 1829 pariter
336 1749 455 1810 mollem
476 1749 562 1811 malis
585 1751 740 1812 demittere
763 1749 897 1811 barbam:

150 1838 274 1899 fulmina
296 1844 459 1920 postremo,
480 1840 545 1921 nix,
567 1838 692 1921 imbres,
713 1839 826 1920 nubila,
849 1841 941 1921 venti,
1042 1858 1084 1899 616

150 1945 212 1987 6611
233 1929 324 1987 11111116
345 1929 468 1988 16661116
490 1928 566 1989 liunt
586 1931 618 1988 in
641 1928 775 2008 partibus
797 1931 874 1989 anni.

79 2033 132 2084 666
151 2033 279 2094 namque
301 2013 354 2075 ubi
377 2017 420 2075 sic
442 2016 562 2076 luerunt
584 2034 740 2076 causarum
762 2016 882 2076 exordia
904 2017 998 2094 prima

79 2112 137 2165 676
152 2111 239 2182 atque
263 2105 303 2163 ita
325 2121 375 2164 res
397 2103 500 2163 mundi
523 2104 657 2165 cecidere
680 2103 716 2164 ab
740 2105 853 2181 origine
875 2105 983 2183 prima,

153 2209 298 2253 eonsecue
321 2209 438 2270 quoque
461 2193 519 2252 iam
541 2191 667 2252 redeunt
689 2210 725 2251 ex
748 2192 851 2251 ordine
874 2198 963 2251 certo.

198 2278 338 2340 Crescere
361 2281 492 2358 itemque
515 2279 579 2340 dies
601 2279 672 2340 licet
694 2286 724 2339 et
745 2278 897 2339 tabescere
919 2285 1030 2359 noctes,
1045 2299 1086 2339 ooo

154 2374 185 2428 et
205 2369 301 2427 minui
322 2366 416 2447 luces,
439 2384 507 2427 cum
530 2374 647 2428 sumant
669 2369 805 2446 augmina
827 2373 942 2447 noctes,

80 2457 295 2537 6161616611
318 2455 362 2515 sol
384 2456 463 2515 idem
487 2453 541 2516 sub
564 2461 661 2516 terras
683 2462 771 2534 atque
794 2471 921 2534 superne

80 2555 135 2605 681
154 2541 316 2623 imparibus
339 2561 463 2604 currens
485 2543 676 2604 amfractibus
699 2543 827 2603 aetheris
850 2560 917 2602 oras

154 2633 244 2713 partit
266 2638 295 2692 et
317 2633 349 2691 in
371 2634 464 2710 partis
486 2649 546 2693 non
569 2649 678 2710 aequas
701 2631 806 2692 dividit
828 2629 944 2710 orbem,

156 2727 185 2780 et
207 2719 286 2798 qnod
309 2718 345 2779 ab
367 2719 507 2780 alterutra
530 2720 656 2781 detraxit
678 2726 775 2800 parte,
797 2720 914 2798 reponit
1046 2739 1087 2781 666

155 2809 219 2868 6166
242 2809 273 2868 16
296 2807 417 2868 adversa
438 2813 518 2868 tanto
541 2808 608 2888 plus
631 2815 715 2887 parte
738 2807 862 2888 relatus,

81 2913 136 2966 616
155 2896 250 2957 (161166
272 2895 308 2956 ad
332 2895 362 2956 id
385 2899 502 2974 signum
524 2896 599 2957 caeli
620 2897 768 2976 pervenit,
790 2894 843 2955 ubi
865 2897 934 2955 anni

80 2992 141 3046 686
154 2984 251 3045 nodus
273 2990 433 3044 nocturnas
456 2991 599 3063 exaequat
620 2983 735 3044 lucibus
758 2982 891 3044 umbras:

156 3091 225 3134 nam
247 3072 344 3132 medio
368 3073 565 3133 6616611166
588 3071 735 3150 aquilonis
758 3073 904 3132 61166111

155 3162 279 3222 distinet
301 3168 424 3239 aequato
448 3160 522 3221 caeli
544 3159 716 3220 discrimine
738 3165 846 3241 metas,

154 3256 277 3329 propter
300 3249 436 3327 signiferi
457 3249 620 3328 posituram
643 3249 735 3308 totius
758 3247 839 3308 orbis

83 3357 137 3406 666
156 3336 282 3419 obliqui,
307 3343 403 3398 terras
427 3343 456 3396 61
479 3335 591 3397 caelum
614 3335 727 3397 lumine
749 3335 877 3397 lustrans

82 3435 138 3486 691
155 3444 254 3486 annua
277 3426 375 3485 66116
398 3441 456 3503 quo
480 3424 629 3486 concludit
651 3431 784 3503 tempora
807 3441 943 3504 serpens,
1006 3490 1009 3496 ,

156 3522 190 3576 61
212 3515 289 3574 11116
312 3512 440 3574 declarat
463 3530 566 3573 eorum
588 3515 640 3592 qui
662 3512 726 3579 loca
749 3512 823 3574 caeli
