2484 3800
136 154 200 221 140
619 153 645 209 V

205 318 264 361 non
287 300 358 361 alias
381 299 431 360 alii
454 317 570 381 quoque
594 317 643 360 res
666 301 802 359 cecinere
824 293 952 377 poetae?

206 406 267 467 quo·
286 394 330 448 tot
352 388 426 449 lacta
449 390 545 448 virum
567 390 677 447 totiens
699 387 834 448 cecidere
856 403 953 464 neque
977 401 1110 463 usquam

206 478 334 537 aeternis
357 476 450 536 lamae
472 478 663 535 monimentis
686 477 774 535 insita
798 470 926 534 dorent?

136 579 189 629 320
206 581 317 643 verum,
334 570 368 624 ut
381 566 494 645 opinor,
507 562 596 624 babet
609 565 768 623 novitatem
782 579 906 642 summa,
919 576 1087 637 recensque
1104 580 1151 620 eso

136 666 190 718 331
205 658 338 712 naturast
359 652 462 712 mundi
484 669 580 729 neque
602 650 718 730 pridem
740 650 862 711 exordia
884 651 972 728 cepit.

207 758 297 819 quare
321 742 409 800 etiam
432 738 574 819 quaedam
596 756 676 800 nnnc
698 745 777 799 artes
800 736 1002 816 expoliuntur,

206 846 285 888 nunc
308 830 397 887 etiam
419 834 592 905 augescunt:
614 845 694 887 nunc
717 826 816 886 addita
837 826 963 903 navigiis
986 829 1058 883 sunt

205 915 309 995 multa,
332 915 419 975 modo
442 917 573 993 organici
596 914 717 975 melicos
739 931 883 993 peperere
907 929 1046 992 sonores,

136 1003 333 1082 duodenique
356 1010 460 1063 natura
481 1002 554 1063 baec
576 1021 678 1062 rerum
700 1004 834 1080 ratioque
857 1007 1006 1080 repertast
1105 1019 1149 1061 aas

137 1104 191 1156 336
206 1109 314 1171 nuper,
338 1096 367 1151 et
388 1091 464 1151 banc
485 1092 599 1169 primns
622 1107 691 1151 oum
712 1091 818 1169 primis
841 1091 906 1167 ipse
928 1093 1069 1167 repertus

206 1197 284 1239 nunc
308 1196 361 1255 ego
385 1196 450 1239 sum
472 1180 504 1239 in
526 1180 637 1257 patrias
660 1180 712 1256 qui
733 1178 845 1257 possim
869 1182 985 1236 vertere
1010 1192 1109 1235 voces.

207 1266 286 1345 quod
309 1268 336 1326 si
358 1265 433 1326 lorte
456 1265 546 1326 luisse
570 1266 693 1326 antebac
716 1265 818 1325 eadem
841 1267 939 1325 omnia
963 1263 1078 1343 credis,

207 1353 259 1414 sed
281 1355 407 1432 periisse
429 1353 583 1413 bominum
604 1354 730 1413 torrenti
752 1352 849 1415 saecla
870 1369 993 1432 vapore,

137 1456 188 1506 330
207 1449 258 1502 aut
280 1441 422 1503 cecidisse
445 1440 528 1501 urbis
551 1459 657 1519 magno
680 1442 831 1501 vexamine
855 1439 972 1520 mundi,
1106 1460 1150 1501 aso

136 1544 189 1594 341
206 1536 257 1589 aut
278 1546 314 1588 ex
337 1527 482 1589 imbribus
504 1527 636 1589 adsiduis
658 1530 756 1588 exisse
779 1546 901 1608 rapaces

206 1634 260 1695 per
282 1622 377 1676 terras
401 1634 501 1675 amnes
525 1622 611 1693 atque
635 1616 743 1695 oppida
766 1618 971 1696 cooperuisse,

205 1710 287 1763 tanto
310 1705 418 1781 quique
441 1705 534 1781 magis
556 1706 651 1764 victus
674 1704 784 1764 fateare
805 1709 960 1764 necessest

207 1792 330 1849 exitium
353 1807 469 1868 quoque
492 1798 638 1852 terrarum
661 1790 793 1870 caelique
817 1792 964 1852 futurum:

137 1893 189 1943 335
207 1895 275 1939 nam
298 1895 364 1939 oum
387 1895 435 1939 res
458 1880 548 1939 tantis
570 1878 682 1939 morbis
704 1881 852 1959 tantisque
877 1878 1001 1958 periclis
1107 1900 1150 1941 ses

137 1979 191 2031 346
207 1972 434 2046 temptarentur,
456 1966 499 2025 ibi
522 1969 547 2026 si
569 1969 685 2027 tristior
707 1967 894 2028 incubuisset

208 2072 307 2132 causa,
330 2053 435 2113 darent
457 2052 513 2114 late
537 2053 650 2114 cladem
673 2073 851 2134 magnasque
875 2056 988 2115 ruinas.

207 2159 262 2201 nec
285 2143 397 2201 ratione
421 2140 476 2201 alia
498 2141 637 2201 mortales
660 2160 727 2202 esse
750 2143 886 2203 ridemur

207 2231 286 2288 inter
307 2246 375 2309 nos,
397 2230 456 2288 nisi
479 2228 557 2307 quod
579 2228 691 2289 morbis
715 2232 915 2308 aegrescimus
938 2229 1037 2290 isdem

137 2329 189 2378 340
208 2323 295 2394 atque
318 2315 361 2375 illi
384 2333 457 2394 qnos
481 2334 497 2375 a
520 2318 578 2375 vita
601 2323 705 2376 natura
728 2320 861 2378 removit.
1108 2339 1152 2379 aso

137 2416 190 2467 351
250 2401 406 2462 Praeterea
429 2420 630 2482 quaecumque
653 2410 773 2464 manent
795 2413 916 2465 aeterna
938 2411 1099 2465 necessust
1184 2405 1187 2410 ’

207 2498 271 2571 aut,
294 2492 362 2568 quia
385 2497 454 2550 sunt
476 2489 569 2550 solido
593 2510 662 2551 cum
685 2509 822 2573 corpore,
845 2511 989 2572 respuere
1013 2495 1094 2553 ictus

207 2594 263 2637 nec
285 2583 439 2654 penetrare
462 2580 523 2655 pati
546 2577 603 2638 sibi
626 2580 782 2657 quicquam
806 2580 886 2659 quod
910 2587 1000 2659 queat
1024 2587 1105 2640 artas

207 2664 367 2724 dissociare
391 2666 470 2725 intus
493 2667 598 2746 partis,
621 2672 655 2726 nt
676 2669 810 2727 materiai

137 2765 188 2816 345
207 2768 329 2829 corpora
352 2760 434 2832 sunt,
457 2769 581 2829 quorum
604 2759 739 2820 naturam
762 2755 948 2815 ostendimus
973 2763 1057 2837 ante,
1109 2778 1152 2819 sss

136 2852 191 2903 356
208 2844 258 2898 aut
279 2838 345 2898 ideo
368 2839 475 2899 durare
498 2841 623 2900 aetatem
645 2858 732 2919 posse
755 2859 810 2920 per
832 2860 968 2923 omnem,

206 2924 356 3003 plagarum
380 2928 448 3004 quia
470 2933 540 2987 sunt
562 2930 707 3009 expertia,
731 2931 808 2990 sicut
831 2932 963 3011 inanest,

207 3011 284 3090 quod
307 3020 406 3074 manet
428 3016 571 3074 intactum
593 3032 689 3094 neque
713 3015 748 3075 ab
772 3019 834 3077 ictu
857 3019 993 3095 fungitur
1016 3018 1131 3099 hilum,

207 3105 256 3159 aut
279 3102 366 3159 etiam
391 3103 458 3179 quia
481 3100 561 3161 nulla
582 3100 642 3161 loci
664 3103 697 3162 lit
720 3106 803 3182 copia
826 3107 955 3187 circum,

136 3199 188 3248 350
206 3202 264 3263 quo
288 3189 372 3263 quasi
394 3206 442 3247 res
465 3190 581 3266 possint
602 3189 756 3250 discedere
779 3191 980 3274 dissoluique,
1112 3218 1154 3258 sco

136 3286 187 3336 361
207 3274 284 3331 sicut
306 3290 486 3334 summarum
509 3282 652 3336 summast
674 3284 805 3360 aeterna,
829 3297 927 3359 neque
952 3288 1038 3342 extra

207 3360 258 3436 qui
284 3357 365 3418 locus
390 3367 514 3439 estque
539 3362 678 3444 dissiliat,
704 3383 801 3443 neque
826 3385 953 3446 corpora
976 3378 1049 3430 sunt
1073 3390 1155 3450 quae

205 3447 322 3523 possint
344 3444 474 3506 incidere
498 3455 527 3507 et
549 3448 643 3510 valida
666 3451 827 3514 dissolvere
850 3454 944 3534 plaga.
