2484 3800
191 164 257 229 194
678 162 718 217 VI

191 311 414 390 885110001101,
435 327 528 389 prope
551 311 596 371 uti
617 309 700 371 locus
723 311 772 371 bic
794 309 946 390 linquatur
968 314 1073 374 inanis.

262 400 346 459 cuius
369 396 421 459 ubi
444 417 460 458 e
483 399 603 477 regione
628 397 687 458 loci
708 416 816 459 venere
839 399 985 481 volantes,

263 485 406 547 claudicat
429 486 575 565 extemplo
597 488 757 565 pinnarum
778 488 863 547 nisus
884 490 995 568 inanis,

190 581 247 633 835
262 581 292 634 et
314 592 457 635 conamen
479 576 629 652 utrimque
651 574 764 635 alarum
785 575 921 654 proditur
945 594 1041 637 omne.
1160 599 1200 641 aas

262 661 310 723 hic
332 662 385 723 ubi
407 664 504 723 nixari
525 670 677 742 nequeunt
699 664 895 742 insistereque
916 663 986 744 alis,

191 766 244 815 880
263 751 390 831 scilicet,
412 752 444 811 in
466 757 576 811 terram
598 750 696 811 delabi
717 751 848 830 pondere
871 754 950 830 cogit

262 846 379 919 natura,
403 845 432 899 et
454 856 578 899 vacuum
599 856 693 918 prope
715 841 774 899 iam
795 842 958 918 perinane
981 841 1115 901 iacentes

262 928 436 1006 dispergunt
458 929 570 987 animas
592 945 648 1005 per
669 926 767 988 caulas
790 930 923 1007 corporis
947 930 1052 989 omnis.

685 1034 702 1072 ss

191 1110 248 1162 840
261 1096 270 1187 b
283 1102 419 1181 frigidior
440 1120 529 1182 porro
552 1104 584 1163 in
606 1105 705 1182 puteis
728 1110 838 1163 aestate
860 1104 894 1164 ut
916 1122 1015 1184 umor,
1159 1128 1197 1167 uo

262 1193 386 1251 rarescit
409 1193 478 1269 quia
499 1198 579 1251 terra
602 1190 713 1272 calore,
736 1199 766 1252 et
787 1193 900 1252 semina
922 1194 1047 1270 siquae

192 1295 244 1347 835
264 1280 339 1339 forte
362 1280 478 1358 vaporis
500 1277 589 1339 habet
609 1281 737 1360 proprii,
760 1278 881 1340 dimittit
903 1281 934 1340 in
957 1298 1053 1341 auras.

263 1386 321 1447 quo
344 1369 437 1445 magis
460 1374 506 1427 est
528 1369 619 1444 igitur
641 1366 729 1427 telius
752 1368 838 1427 effeta
860 1367 970 1447 calore,

192 1550 247 1604 845
264 1544 372 1622 frigore
396 1561 464 1604 cum
486 1545 631 1622 premitur
653 1561 742 1622 porro
765 1545 862 1603 omnis
883 1551 964 1604 terra
985 1546 1105 1623 coitque
1159 1568 1196 1608 eu

263 1638 293 1691 et
315 1634 400 1710 quasi
423 1632 600 1712 concrescit,
623 1632 669 1712 fit,
692 1629 819 1711 sedicet,
840 1639 874 1692 ut
896 1632 1028 1693 coeundo

192 1736 245 1786 840
263 1722 407 1797 exprimat
429 1722 461 1779 in
483 1725 589 1798 puteos
611 1721 638 1779 si
660 1737 749 1798 quom
771 1721 848 1797 gerit
870 1722 933 1799 ipsa
956 1718 1123 1801 calorem}

306 1806 379 1867 Esse
403 1807 479 1886 apud
501 1806 673 1867 Hammonis
695 1808 794 1868 fanum
817 1807 883 1868 fons
905 1806 971 1869 luce
994 1808 1102 1870 diurna

263 1894 389 1974 frigidus
412 1903 442 1957 et
464 1894 575 1957 calidus
598 1904 744 1957 nocturno
766 1903 899 1975 tempore
922 1896 1023 1958 fertur.

191 1991 249 2043 850
261 1984 340 2044 hunc
362 1983 497 2044 homines
519 1984 632 2044 fontem
654 1986 743 2044 nimis
766 1983 947 2046 admirantur
969 1992 1000 2045 et
1021 1988 1084 2046 acri
1158 2009 1228 2081 ιω

264 2071 324 2132 sole
346 2079 450 2151 putant
473 2079 576 2151 supter
597 2079 693 2132 terras
716 2073 880 2133 fervescere
902 2075 1024 2155 raptim,

191 2183 243 2235 845
262 2179 321 2221 nox
343 2159 395 2220 ubi
417 2159 545 2222 terribili
567 2167 663 2220 terras
685 2160 809 2238 caligine
832 2162 914 2222 texit

263 2249 340 2327 quod
363 2251 452 2309 nimis
476 2267 492 2308 a
514 2255 612 2308 verast
633 2247 719 2326 longe
741 2250 855 2308 ratione
878 2255 1037 2326 remotum:

263 2340 385 2417 quippe,
407 2335 459 2397 ubi
482 2335 527 2396 sol
549 2335 662 2396 nudum
684 2342 868 2398 contractans
891 2355 1000 2415 corpus
1021 2339 1110 2416 aquai
1177 2378 1181 2386 ‚

191 2440 248 2492 855
264 2443 323 2485 non
346 2426 457 2503 quierit
480 2423 606 2485 calidum
630 2442 737 2502 supera
759 2423 796 2484 de
818 2424 943 2485 reddere
965 2431 1063 2506 parte,
1158 2447 1195 2489 cu

262 2531 330 2573 cum
352 2530 493 2591 superum
515 2511 615 2572 lumen
638 2518 719 2572 tanto
742 2512 857 2573 fervore
880 2512 1008 2592 fruatur,

191 2617 244 2668 850
262 2603 314 2679 qui
336 2607 424 2678 queat
445 2601 494 2660 bio
516 2607 619 2679 supter
641 2607 702 2660 tam
724 2618 824 2660 crasso
848 2617 970 2679 corpore
993 2608 1106 2662 terram

261 2705 443 2768 percoquere
466 2705 600 2748 umorem
624 2694 654 2749 et
676 2686 769 2748 calido
793 2690 900 2748 satiare
923 2685 1053 2767 vapore?

261 2778 437 2880 praesertim
460 2793 526 2836 cum
549 2778 597 2835 vix
619 2778 715 2854 possit
736 2794 790 2854 per
813 2783 896 2856 septa
918 2776 1073 2837 domorum

190 2867 270 2924 850
262 2867 412 2925 insinuare
436 2882 522 2925 suum
544 2864 636 2924 radiis
659 2862 831 2924 ardentibus
853 2871 975 2924 aestum
1157 2889 1225 2929 oco

262 2972 336 3032 quae
359 2954 465 3013 ratiost
486 2948 598 3031 igitur?
633 2953 787 3033 nimirum,
808 2959 889 3012 terra
911 2953 1003 3031 magis
1027 2952 1108 3031 quod
1224 2942 1225 3007 i

189 3056 243 3106 856
262 3059 329 3101 rara
350 3048 431 3119 tepet
453 3042 566 3101 circum
588 3041 700 3101 fontem
722 3058 811 3119 quam
833 3048 932 3100 cetera
953 3039 1055 3121 101108,

261 3129 410 3206 multaque
434 3135 503 3188 sunt
524 3129 602 3206 ignis
624 3145 716 3207 prope
740 3129 853 3188 semina
875 3146 983 3206 corpus
1004 3129 1103 3206 aquai.

261 3215 318 3274 hoc
338 3213 392 3275 ubi
413 3216 548 3275 roriferis
570 3223 680 3276 terram
703 3233 762 3275 non
786 3214 884 3276 obruit
905 3216 1033 3297 umbris,
1223 3184 1225 3289 i

189 3308 246 3359 865
263 3301 408 3378 extemplo
432 3301 535 3362 subtus
558 3302 691 3381 frigescit
713 3310 793 3364 terra
816 3306 946 3383 coitque:
1161 3330 1198 3370 oss
1222 3306 1223 3317 ’

261 3388 316 3447 hac
338 3390 451 3447 ratione
473 3389 507 3448 fit
528 3396 574 3470 ut,
596 3398 745 3469 tamquam
769 3409 937 3470 compressa
958 3409 1048 3452 manu
1071 3395 1128 3475 sit,

191 3493 243 3542 800
263 3477 408 3554 exprimat
430 3477 462 3534 in
485 3476 595 3538 fontem
618 3495 694 3556 quae
718 3481 830 3540 semina
852 3498 978 3559 cumque
1000 3480 1093 3542 babet
1113 3486 1198 3566 ignis,

1221 3618 1223 3765 1
