2484 3800
587 169 613 221 Π
1055 172 1097 237 39

162 331 256 392 quare
280 314 369 373 etiam
392 321 479 392 atque
503 316 592 375 etiam
614 315 734 393 paulum
756 316 898 379 inclinare
922 327 1073 381 necessest

164 419 303 482 corpora3
329 419 385 461 uec
407 400 473 481 plus
497 421 585 480 quam
610 405 780 485 minimum,
807 424 844 465 ne
867 408 978 487 fingere
1000 416 1097 475 motus

83 497 142 546 245
164 489 301 568 obliquos
323 488 475 550 videamur
498 498 528 550 et
550 491 581 551 id
603 510 652 551 res
675 510 743 552 vera
766 495 881 556 refutet.

165 596 293 656 namque
315 577 371 637 hoc
393 580 425 638 in
447 586 586 657 promptu
605 580 853 661 manifestumque
872 602 937 643 esse
956 584 1097 665 ridemus,

164 666 308 745 pondera,
336 673 477 745 quantum
501 668 532 726 in
555 674 630 748 sest,
657 687 717 729 non
738 688 826 748 posse
850 670 967 749 obliqua
989 690 1097 753 meare,

166 772 203 815 ex
226 771 334 832 supero
358 772 425 813 cum
446 757 654 836 praecipitant,
676 757 753 836 quod
777 776 898 819 eernere
921 762 1031 837 possis:

166 841 219 903 sed
240 841 284 902 nil
306 844 426 902 omnino
447 844 530 903 recte
550 845 671 921 regione
694 847 752 905 viai

84 939 145 988 250
165 930 313 991 declinare
336 933 404 1009 quis
426 937 472 990 est
495 933 546 1009 qui
567 939 669 1010 poscat
692 950 813 994 eernere
838 931 924 994 sese?

209 1018 341 1097 Denique
365 1020 391 1077 si
414 1036 531 1097 semper
553 1027 652 1080 motus
674 1023 839 1081 conectitur
862 1025 957 1083 omnis

165 1113 196 1168 et
217 1114 316 1167 vetere
339 1108 471 1167 exoritur
492 1123 610 1185 semper
632 1125 724 1169 novus
748 1109 851 1170 ordine
874 1118 969 1192 certo,

164 1213 220 1256 nee
243 1194 415 1256 declinando
438 1195 548 1255 faciunt
569 1195 731 1275 primordia
753 1204 850 1257 motus
1017 1268 1023 1280 ,

163 1284 344 1364 principium
368 1282 526 1364 quoddam,
550 1283 629 1362 quod
651 1285 703 1344 fati
725 1285 842 1346 foedera
865 1293 994 1367 rumpat,

87 1377 144 1427 255
164 1390 202 1433 ex
224 1372 340 1433 infinito
363 1389 400 1431 ne
423 1389 541 1431 causam
564 1390 651 1434 causa
675 1381 826 1454 sequatur,

163 1459 257 1521 libera
279 1477 334 1538 per
354 1466 451 1519 terras
472 1460 550 1520 unde
573 1460 646 1521 haec
668 1461 864 1522 animantibus
888 1468 994 1543 exstat,

163 1548 272 1609 undest
294 1547 379 1628 haee,
400 1549 534 1628 inquam,
556 1548 624 1609 fatis
647 1550 743 1609 avolsa
765 1557 893 1629 potestas
899 1597 908 1630 ,

163 1654 219 1717 per
241 1654 328 1715 quam
350 1636 556 1714 progredimur
578 1655 637 1715 quo
660 1637 741 1699 ducit
763 1657 908 1718 quemque
931 1638 1077 1720 voluntas,

164 1724 347 1786 declinamus
368 1726 440 1784 item
463 1731 559 1785 motus
581 1742 637 1785 neo
659 1733 791 1805 tempore
815 1734 895 1787 certo

87 1821 220 1874 2001100
241 1814 362 1890 regione
385 1811 442 1872 loci
464 1820 557 1894 certa,
580 1812 632 1873 sed
655 1813 707 1874 uhi
729 1817 793 1893 ipsa
815 1815 882 1876 tulit
904 1813 1009 1876 meus?

163 1920 233 1963 nam
255 1899 345 1962 dubio
367 1900 470 1979 procul
492 1900 538 1962 his
561 1899 650 1962 rebus
674 1921 726 1964 sua
749 1906 854 1983 cuique
877 1905 1011 1965 voluntas

162 1992 343 2071 principium
369 1988 431 2069 dat,
459 1996 489 2049 et
510 1990 580 2049 hinc
602 1997 700 2051 motus
722 2010 776 2070 per
798 1991 929 2052 membra
951 1996 1092 2071 rigantur.

163 2097 262 2139 nonne
285 2078 367 2137 rides
390 2079 479 2137 etiam
501 2079 654 2156 patefactis
677 2086 809 2158 tempore
831 2087 940 2158 puncto

164 2165 333 2228 carceribus
355 2183 416 2225 non
437 2183 525 2244 posse
547 2173 646 2227 tamen
667 2185 859 2246 prorumpere
883 2186 1026 2246 equorum

84 2264 143 2314 265
162 2257 224 2315 vim
246 2253 382 2333 cupidam
404 2260 465 2313 tam
487 2253 523 2314 de
547 2254 644 2314 subito
668 2273 755 2333 quam
777 2273 861 2315 mens
885 2263 949 2316 avet
971 2253 1056 2335 ipsa?

165 2345 261 2402 omnis
284 2344 377 2422 enim,
399 2348 494 2403 totum
516 2361 570 2421 per
593 2361 712 2424 corpus,
734 2345 868 2404 materiai

164 2433 247 2510 eopia
270 2432 382 2490 conciri
404 2428 504 2510 debet,
527 2433 641 2490 concita
662 2449 716 2509 per
739 2439 820 2492 artus

164 2520 260 2579 omnis
283 2525 317 2578 ut
339 2517 469 2578 studium
490 2521 599 2578 mentis
622 2537 732 2579 conexa
755 2528 906 2600 sequatur3

163 2615 196 2669 ut
219 2607 318 2666 rideas
340 2608 446 2666 initum
468 2613 565 2667 motus
588 2625 604 2666 a
627 2607 715 2668 eorde
738 2610 833 2668 creari

84 2705 144 2754 2⁷0
164 2715 200 2756 ex
224 2696 372 2773 animique
394 2694 536 2754 voluntati
558 2696 719 2773 procedere
742 2699 883 2776 primum,

162 2783 231 2844 inde
255 2782 319 2843 dari
340 2786 429 2861 porro
451 2801 506 2862 per
527 2790 621 2844 totum
645 2802 752 2862 eorpus
776 2792 805 2844 et
827 2791 917 2845 artus.

163 2890 218 2932 nec
241 2869 366 2931 similest
388 2878 421 2931 ut
443 2889 511 2932 cum
533 2871 653 2950 impulsi
674 2873 861 2951 procedimus
884 2876 957 2954 ictu,

162 2958 276 3020 viribus
302 2959 422 3020 alterius
444 2962 558 3037 magnis
581 2978 744 3040 magnoque
768 2969 883 3042 eoactu;

162 3067 230 3109 nam
252 3055 315 3108 tum
338 3049 491 3108 materiem
514 3049 604 3107 totius
628 3051 760 3127 eorporis
784 3067 900 3110 omnem

87 3146 143 3195 2⁷5
161 3138 381 3216 perspicuumst
402 3135 488 3195 uobis
510 3137 611 3196 invitis
634 3138 678 3196 ire
702 3139 838 3218 rapique,

162 3225 257 3285 donee
279 3241 344 3284 eam
366 3224 524 3284 refrenavit
545 3242 599 3302 per
622 3223 754 3284 membra
776 3225 917 3286 voluntas.

160 3316 259 3373 iamne
281 3312 364 3372 vides
387 3314 489 3392 igitur,
513 3331 687 3391 quamquam
711 3315 755 3373 ris
778 3321 876 3374 extera
900 3313 1006 3375 multos

160 3400 250 3480 pellat
273 3408 302 3461 et
324 3402 430 3461 inritos
454 3407 539 3480 cogat
560 3401 721 3480 procedere
745 3419 831 3481 saepe

159 3492 397 3569 praecipitesque
419 3491 497 3570 rapi,
519 3497 617 3550 tamen
642 3508 706 3550 esse
730 3491 761 3550 in
783 3497 902 3569 pectore
925 3498 1026 3551 nostro
