2484 3800
70 170 76 187 ·
152 134 215 199 148
637 135 664 190 V

222 300 290 341 nam
312 281 378 341 lieri
399 280 445 341 vel
468 299 536 342 eum
558 282 664 359 primis
686 281 717 341 id
739 298 826 359 posse
849 280 966 341 videtur

152 387 204 437 616
222 369 396 450 Democriti,
418 369 497 448 quod
521 377 620 430 saneta
643 371 700 429 viri
722 371 868 429 sententia
890 371 987 448 ponit,

155 466 210 517 621
226 463 334 536 quanto
358 475 491 537 quaeque
514 460 607 536 magis
630 459 691 518 sint
712 464 823 517 terram
846 456 943 517 sidera
965 462 1102 536 propter,

223 553 305 606 tanto
327 563 416 624 posse
438 547 537 606 minus
560 564 629 606 eum
651 544 725 607 eaeli
745 545 865 606 turbine
887 546 973 605 terri:

224 651 400 694 evanescere
423 636 503 694 enim
525 634 643 712 rapidas
665 632 745 694 illius
768 640 799 694 et
819 635 897 694 aeris
1119 654 1162 694 666

224 724 359 783 imminui
382 728 484 802 supter
505 724 591 802 viris,
612 721 739 801 ideoque
761 721 891 801 relinqui

154 827 205 876 616
224 809 364 889 paulatim
387 809 479 870 solem
502 828 569 871 eum
591 809 798 889 posterioribu'
821 811 928 890 signis,

154 904 211 957 626
224 899 347 959 inferior
368 897 461 959 multo
484 897 563 976 quod
586 901 627 959 sit
648 916 736 978 quam
758 897 870 959 fervida
892 900 984 975 signa.

224 993 255 1047 et
276 988 370 1065 magis
391 987 447 1046 hoo
469 985 582 1047 lunam:
605 993 715 1066 quanto
737 986 895 1047 demissior
917 988 982 1045 eius

225 1092 329 1135 cursus
352 1072 436 1135 abest
457 1074 560 1153 procul
582 1092 599 1134 6
621 1073 702 1135 caelo
725 1076 872 1154 terrisque
895 1074 1099 1153 propinquat,
1117 1094 1159 1133 666

224 1170 304 1223 tanto
327 1180 415 1241 posse
438 1164 536 1223 minus
559 1180 627 1223 cum
649 1164 742 1241 signis
763 1162 886 1223 tendere
909 1179 1038 1222 cursum.

155 1266 207 1317 666
225 1249 393 1311 flaccidiore
416 1252 525 1311 etenim
548 1257 657 1329 quanto
679 1252 738 1310 iam
760 1249 880 1311 turbine
901 1251 997 1310 tertur

155 1345 209 1396 631
226 1338 349 1399 inferior
372 1356 460 1417 quam
483 1337 540 1419 sol,
561 1344 644 1399 tanto
667 1341 760 1417 magis
783 1341 881 1399 omnia
903 1340 986 1416 signa

223 1427 299 1487 hane
321 1427 525 1505 adipiscuntur
547 1428 672 1506 circum,
694 1433 870 1507 praeterque
893 1426 1036 1486 terrmtur.

225 1521 381 1594 propterea
403 1514 437 1575 iit
458 1520 492 1574 ut
513 1513 586 1575 haee
608 1515 645 1574 ad
667 1516 785 1593 signum
807 1514 944 1593 quodque
967 1515 1079 1574 reverti
1118 1534 1159 1576 aas

224 1600 363 1662 mobilius
385 1602 532 1681 videatur,
553 1601 590 1662 ad
612 1602 687 1663 hano
710 1604 779 1681 quia
802 1605 885 1681 signa
907 1603 1049 1662 revisunt.

156 1705 206 1755 625
225 1690 258 1749 tit
281 1708 396 1767 quoque
419 1697 453 1750 ut
475 1708 491 1750 e
513 1689 617 1750 mundi
639 1692 815 1750 transversis
836 1689 970 1769 partibus
993 1695 1045 1750 666

156 1785 211 1834 636
224 1776 345 1836 alternis
366 1784 449 1837 nerto
471 1777 563 1837 tinere
585 1777 660 1837 alter
681 1784 814 1857 tempore
835 1780 943 1857 possit,

226 1866 278 1943 qui
300 1871 388 1943 queat
409 1866 527 1926 aestivis
545 1864 642 1946 solem
665 1865 823 1928 detrudere
846 1868 939 1946 signis

225 1952 366 2013 brumalis
387 1971 482 2033 usque
504 1953 541 2014 ad
564 1953 658 2015 ilexus
680 1953 868 2033 gelidumque
890 1957 1033 2034 rigorem,
1119 1978 1162 2018 seo

227 2048 257 2100 et
279 2043 330 2119 qui
352 2042 456 2102 reiciat
477 2040 581 2119 gelidis
604 2061 620 2102 a
643 2042 762 2121 trigoris
784 2042 898 2102 umbris

157 2147 208 2196 636
227 2129 379 2189 aestiferas
401 2147 495 2208 usque
518 2131 550 2189 in
572 2132 665 2208 partis
688 2137 718 2190 et
740 2130 851 2190 fervida
873 2132 965 2208 signa.

156 2225 209 2275 641
226 2224 256 2276 et
278 2218 390 2276 ratione
413 2219 478 2295 pari
500 2215 599 2277 lunam
622 2217 779 2296 stellasque
802 2218 1008 2297 putandumst,

227 2321 300 2383 quae
323 2303 442 2365 volvunt
463 2322 584 2382 magnos
606 2307 638 2365 in
661 2309 775 2384 magnis
797 2305 918 2366 orbibus
941 2324 1049 2385 annos,

226 2390 344 2452 aeribus
366 2409 453 2470 posse
476 2392 597 2452 alternis
619 2411 637 2452 6
659 2392 792 2473 partibus
814 2396 867 2454 ire.
1122 2419 1167 2458 aas

226 2496 324 2540 nonne
346 2479 429 2540 vides
451 2482 539 2539 etiam
562 2479 687 2541 dirersis
709 2480 811 2541 nubila
831 2483 928 2542 ventis

156 2584 207 2634 666
227 2566 357 2626 diversas
380 2568 424 2627 ire
448 2569 479 2626 in
501 2570 593 2646 partis
616 2567 730 2629 inferna
752 2565 913 2648 supernis?

157 2661 211 2713 646
226 2657 277 2732 qui
299 2656 396 2715 minus
419 2653 467 2714 illa
491 2662 599 2733 queant
620 2673 675 2734 per
697 2674 818 2734 magnos
841 2657 971 2718 aetheris
993 2656 1077 2718 orbis

226 2740 355 2802 aestibus
378 2744 457 2801 inter
480 2759 511 2802 se
534 2742 658 2804 diversis
681 2744 779 2804 sidera
801 2741 895 2805 terri?

269 2829 306 2889 At
327 2847 386 2889 nox
408 2828 507 2890 obruit
529 2831 642 2908 ingenti
664 2831 789 2910 ealigine
811 2837 920 2913 terras,
1127 2859 1176 2899 666

228 2923 278 2976 aut
299 2915 351 2976 ubi
373 2916 410 2976 de
432 2915 519 2995 longo
542 2935 632 2978 eursu
655 2918 700 2979 sol
721 2919 825 2980 ultima
847 2919 922 2980 caeli

158 3019 208 3069 646
227 3002 344 3083 impulit
366 3011 453 3082 atque
476 3022 545 3065 suos
568 3005 677 3066 elilarit
698 3005 853 3086 languidus
876 3010 954 3086 ignis

139 3097 209 3147 0651
228 3109 386 3150 concussos
408 3094 483 3151 itere
507 3098 537 3152 et
559 3091 716 3155 labefactos
738 3100 807 3156 6666
830 3095 937 3177 multo,

228 3183 278 3236 aut
301 3179 369 3254 quia
392 3177 446 3238 sub
469 3185 564 3240 terras
587 3199 707 3242 oursum
728 3190 902 3244 oonvortere
924 3185 1004 3262 cogit

227 3265 272 3321 ris
295 3263 410 3343 eadem,
434 3284 522 3344 supra
545 3285 619 3345 quae
642 3276 738 3330 terras
760 3270 883 3350 pertulit
905 3271 1017 3332 orbem.
1131 3299 1179 3339 ⁶55

271 3348 415 3428 Tempore
437 3353 509 3412 item
532 3361 612 3414 certo
635 3375 751 3418 roseam
772 3366 877 3420 natura
899 3378 953 3437 per
977 3378 1046 3420 oras

159 3451 209 3500 646
228 3435 356 3496 aetheris
379 3454 514 3499 auroram
537 3439 636 3504 differt
657 3451 688 3505 et
709 3445 820 3507 lumina
841 3446 955 3528 pandit,
