2484 3800
130 183 256 238 LXXXII
494 180 776 237 PROLEGOMENA.

130 331 284 392 elementis
305 331 419 390 exitum
436 331 650 408 introitumque
668 328 817 389 redditum
837 335 945 388 extare.
982 328 1020 388 de
1040 328 1152 388 eadem

130 438 163 480 re
190 419 239 479 bic
268 436 335 478 cum
363 418 472 478 dixisse
501 421 572 478 satis
595 424 724 496 apparet.
769 419 869 494 itaque
894 415 1008 476 caelum
1031 415 1151 476 loricae

131 513 293 587 comparat,
321 525 396 585 quae
428 507 524 566 luerat
555 505 626 565 olim
652 505 801 584 pectorale
829 521 866 564 ex
893 503 966 563 loris
995 503 1032 564 de
1061 507 1150 565 corio

131 595 223 657 crudo
242 596 360 675 lactum,
382 600 416 655 ut
439 593 525 654 docet
541 593 622 654 Varr.
646 593 682 653 de
706 593 775 671 ling.
799 592 847 653 lat.
866 591 890 650 V
906 611 935 671 p.
960 590 1033 673 121,
1053 610 1148 671 quem

124 683 230 744 'locum
259 681 321 743 Lm.
349 684 412 761 ipse
441 683 538 742 alleri:
570 685 602 741 in
635 698 692 760 quo
724 680 866 760 pectorali
891 679 1019 759 plurima
1049 681 1148 741 luisse

131 772 275 832 foramina
306 769 391 831 laoile
422 768 612 848 intellegitur.
661 771 720 829 iam
752 787 820 829 cum
850 786 905 848 per
936 768 1011 828 caeli
1042 769 1148 830 caulas

133 878 219 920 omne
256 877 349 938 genus
386 858 531 918 elementa
566 859 678 918 intrare
714 859 842 938 possint,
873 858 962 916 etiam
999 875 1034 916 ea
1068 875 1147 936 quae

130 947 250 1008 morbos
278 949 407 1008 excitent
434 964 521 1026 posse
545 948 647 1007 venire
669 963 792 1006 necesse
815 952 874 1024 est,
896 945 931 1005 cl.
955 941 1147 1025 655—659,

132 1044 219 1115 atque
241 1035 387 1115 pestilitas
411 1035 479 1095 inde
502 1042 567 1095 orta
590 1036 775 1094 extrinsecus
799 1051 926 1112 superne
948 1051 1003 1112 per
1026 1033 1146 1094 caelum

132 1128 164 1185 in
194 1124 322 1203 aliquem
345 1122 442 1184 locum
465 1125 547 1183 venit
569 1114 700 1206 (1089),
723 1120 794 1182 alias
817 1140 834 1181 e
856 1127 937 1181 terra
958 1123 1024 1199 ipsa
1047 1124 1148 1182 oritur

132 1207 232 1297 (1091
254 1205 347 1295 sqq),
375 1219 438 1271 orta
464 1213 496 1271 in
523 1210 594 1271 alias
621 1217 717 1270 terras
746 1209 899 1269 advehitur
926 1201 1029 1291 (1132
1053 1204 1145 1292 sqq).

131 1302 180 1362 hic
208 1303 301 1378 igitur
322 1299 478 1359 Lucretius
505 1301 635 1378 primum
662 1297 798 1358 docuisse
825 1296 939 1357 caelum
962 1315 1029 1357 esse
1051 1316 1145 1376 pene-

132 1388 238 1450 trabile
262 1387 395 1448 videmus
421 1385 652 1464 morborumque
674 1388 735 1445 vim
756 1404 811 1465 per
833 1385 864 1444 id
886 1387 1011 1466 intrare,
1034 1385 1145 1446 deinde

133 1477 169 1536 de
201 1475 313 1536 morbis
345 1477 376 1535 in
408 1482 489 1535 certa
521 1474 647 1553 quadam
677 1481 758 1534 terra
787 1480 927 1551 certoque
954 1472 1036 1534 caelo
1064 1477 1145 1534 natis

132 1565 277 1645 loquitur,
305 1581 379 1642 quae
406 1565 437 1624 in
465 1561 544 1622 aliud
572 1560 686 1622 caelum
713 1561 843 1640 aliasque
871 1568 966 1622 terras
993 1561 1145 1623 facessere

132 1655 257 1732 possint,
275 1670 329 1730 per
350 1653 427 1711 aeris
452 1650 565 1711 scilicet
587 1649 786 1710 intervallum:
809 1649 882 1709 hace
904 1651 1003 1709 omnia
1021 1649 1086 1710 vult
1109 1669 1146 1711 eo

132 1743 199 1802 fieri
214 1758 312 1819 posse,
331 1738 408 1817 quod
427 1737 469 1798 nil
488 1741 527 1798 sit
544 1736 609 1799 mist
625 1756 736 1799 reorum
753 1754 874 1816 corpore
891 1754 1014 1817 mmm,
1032 1757 1060 1798 v.
1074 1739 1144 1798 infr.

133 1832 191 1890 iam
210 1827 299 1888 verba
317 1833 421 1907 poetae
441 1829 498 1887 etsi
520 1829 561 1887 ita
583 1833 617 1888 ut
639 1826 682 1886 nil
705 1828 816 1886 erroris
839 1825 1025 1905 relinquatur
1047 1829 1145 1907 recipi

133 1937 193 1979 non
224 1923 364 1997 possunt,
389 1916 462 1977 baec
493 1923 592 1976 tamen
626 1933 700 1996 quae
733 1913 877 1975 subiciam
907 1932 978 1975 vero
1007 1917 1146 1994 proxima

133 2014 215 2086 puto,
230 2008 290 2065 nisi
304 2004 381 2085 quod
397 2004 433 2064 de
447 2022 535 2065 versu
549 2022 638 2083 quem
656 2006 720 2082 ipse
740 2003 797 2063 feci
815 2003 852 2063 ad
870 2002 1004 2063 lacunam
1022 2003 1146 2082 explen-

134 2095 201 2155 dam
219 2093 294 2154 nibil
312 2093 455 2173 spondeo:
477 2090 618 2154 morbido
634 2090 739 2169 vesque
754 2086 850 2151 simul
872 2084 917 2174 (i)
941 2108 1011 2152 cum
1028 2090 1146 2153 embam-

132 2199 218 2245 secus
231 2179 413 2243 inuocem
426 2214 468 2223 -
483 2180 582 2241 malim
595 2178 787 2241 insinuatam
798 2212 840 2221 —
854 2176 935 2257 <per
946 2176 1074 2260 coelom,
1090 2183 1149 2242 cot

133 2290 203 2333 oum
217 2267 373 2351 pestilitas
395 2267 444 2331 bic
465 2284 554 2347 saepe
575 2266 715 2347 nocente>
737 2283 758 2328 e
780 2268 958 2345 tetrmesmte
979 2268 1028 2329 tm
1045 2263 1094 2351 (Β.
1118 2272 1149 2331 et

134 2360 338 2439 tempestatem
351 2351 424 2441 00.)
441 2353 522 2419 coelo
536 2359 675 2435 terraque
693 2357 829 2430 coortam,
842 2353 879 2415 m
895 2351 1013 2417 coelum
1030 2358 1146 2418 terros-

133 2466 190 2527 qme
215 2449 357 2510 remotos
383 2444 458 2508 ime
483 2439 629 2528 (remotae
653 2443 713 2515 00.
734 2441 824 2504 torae
846 2442 904 2513 00.
927 2442 996 2505 iocre
1018 2443 1043 2504 0
1066 2463 1145 2505 corr.

134 2538 170 2597 cl.
188 2536 216 2596 ll
235 2528 336 2618 1138)
353 2531 673 2613 facessit:...coercet.
692 2533 722 2593 et
739 2532 910 2610 tempestate
926 2530 1148 2595 m...eoorta

133 2622 169 2685 c'm
187 2620 304 2685 coelom
319 2670 325 2683 .
340 2670 347 2683 .
362 2669 369 2682 .
387 2623 518 2683 retectae
535 2619 608 2681 e'mra
619 2619 777 2698 facessunt
788 2619 859 2700 Lm,
878 2638 951 2697 quae
965 2622 1041 2680 mire
1056 2640 1146 2682 exco-

134 2715 225 2791 gitata
243 2714 318 2771 mire
336 2713 555 2789 interpretatur.
588 2709 726 2788 coertoat,
744 2754 751 2767 .
766 2754 795 2769 ..
813 2708 945 2769 rernotoa
961 2706 1031 2770 ime
1044 2706 1145 2787 soces-

134 2801 208 2861 semt
219 2798 380 2877 Benaysius
395 2797 506 2877 scribit,
528 2799 653 2876 quinon
668 2798 795 2856 senserit
807 2814 939 2875 pugnare
953 2798 1032 2857 inter
1046 2815 1079 2857 se
1093 2816 1146 2859 em·

134 2886 282 2949 trinsecus
290 2884 470 2946 insinuator
480 2892 509 2945 et
518 2882 553 2945 ic
563 2887 646 2945 terro
656 2880 938 2961 caetoqoeooortmt.
956 2902 1016 2944 non
1026 2888 1146 2946 saniora

135 2983 204 3036 sunt
225 2975 378 3035 Munronis
403 2973 488 3034 baec:
516 2974 631 3035 coercet.
654 2974 694 3047 et,
718 2970 945 3050 tempestatem
1042 2976 1148 3036 coorta

135 3060 275 3125 morbido
287 3060 392 3140 mooe
401 3109 407 3121 .
417 3109 423 3121 .
432 3109 438 3121 .
448 3059 637 3141 imtmcotm,
649 3058 702 3120 im.
713 3106 719 3119 .
730 3062 878 3121 memmae
893 3058 967 3121 iuro
976 3059 1146 3139 facessant.

136 3172 152 3212 e
176 3158 331 3211 comment.
356 3148 447 3209 altero
473 3150 605 3210 videmus
630 3166 697 3209 eum
719 3146 808 3208 latine
832 3147 891 3208 dici
913 3165 1001 3227 posse
1023 3157 1146 3229 putasse

136 3236 321 3319 ‘tempestate
346 3244 445 3297 coorta
468 3233 582 3315 visque’
605 3254 661 3316 pro
684 3254 718 3295 eo
738 3234 900 3314 quodesse
919 3236 1045 3297 debebat
1064 3234 1146 3299 ‘cum

134 3335 295 3413 tempestas
314 3331 441 3386 coortast
462 3332 492 3384 et
504 3320 561 3385 vis'
580 3328 640 3385 sive
660 3321 798 3402 ‘cumque
815 3320 880 3384 vis’.
900 3358 942 3367 -
962 3321 1025 3386 951
1040 3323 1090 3387 cit
1102 3330 1149 3389 est

134 3414 200 3477 misi
224 3429 354 3477 rorum
379 3429 506 3491 empore
526 3430 653 3474 mecum
683 3429 758 3473 roro
784 3429 906 3490 corpore
936 3430 1050 3474 neema
1077 3414 1146 3496 OQ,

136 3504 214 3582 quod
238 3501 398 3564 absurdum
422 3506 476 3580 est,
499 3501 551 3560 sed
575 3499 653 3580 quod
671 3498 874 3560 Lachmannus
897 3503 1019 3580 scripsit
1039 3521 1055 3562 a
1072 3501 1145 3563 Rer-

135 3594 237 3671 naysio
270 3598 307 3651 et'
325 3588 468 3650 blunrone
495 3587 651 3666 probatum
678 3605 751 3650 raro
777 3586 906 3667 cmport'
931 3606 1014 3651 neco
1040 3608 1146 3651 vereor
