2484 3800
158 180 222 244 156
645 177 672 232 V

227 333 257 387 et
278 323 416 385 manibus
438 330 533 385 totum
556 325 669 384 circum
692 341 724 384 se
747 331 863 384 vertere
887 323 1009 385 caelum.
1123 345 1162 385 ors

228 432 296 474 nam
319 402 397 492 quod
419 412 511 474 multa
534 412 617 472 luere
639 414 672 472 in
694 414 783 473 terris
806 414 921 473 semina
943 406 1045 473 rerum

227 508 360 581 tempore
384 518 441 579 quo
464 502 593 580 primum
615 499 704 562 tellus
727 500 864 561 animalia
886 500 976 581 fudit,

158 606 209 657 000
227 589 270 650 011
292 597 391 650 tamen
414 596 459 650 est
482 590 560 668 signi
582 590 690 649 mixtas
712 590 845 667 potuisse
869 591 964 649 creari

157 685 213 737 916
229 680 307 739 inter
329 696 361 738 se
383 677 512 756 pecudes
535 684 745 755 compactaque
768 676 900 737 membra
923 679 1118 759 animantum,

227 773 384 846 propteroa
402 767 472 844 quia
490 783 565 844 quae
579 763 615 826 de
630 767 720 825 terris
733 784 812 826 nunc
826 783 944 844 quoque
958 765 1161 827 abundantem

228 853 387 915 herbarum
410 872 518 933 genera
541 871 575 913 ac
597 854 699 931 fruges
722 852 901 932 arbustaque
923 853 999 914 laeta

228 961 288 1003 non
310 949 409 1003 tamen
431 944 510 1002 inter
532 959 564 1001 se
586 941 886 1020 possuntcomplexa
909 944 1016 1023 creari,

159 1046 210 1097 910
229 1032 281 1091 sed
304 1048 353 1091 res
377 1048 510 1109 quaeque
533 1047 588 1090 suo
611 1032 671 1090 ritu
692 1030 840 1111 procedit,
863 1037 893 1090 et
915 1048 1018 1091 omnes

159 1117 344 1180 921l0edere
367 1125 488 1179 naturae
511 1124 593 1178 certo
616 1118 788 1179 discrimina
811 1125 936 1179 servant

272 1207 309 1267 At
331 1224 423 1285 genus
446 1205 607 1267 humanum
630 1206 722 1267 multo
745 1206 801 1267 luit
823 1205 895 1267 illud
918 1208 950 1266 in
972 1208 1052 1267 arvis
1122 1229 1159 1269 aaa
1234 1263 1235 1282 ,

229 1296 346 1375 durius,
368 1302 402 1355 00
424 1293 535 1376 decuit,
558 1293 646 1355 tellus
670 1295 747 1373 quod
771 1294 845 1355 dura
868 1302 1011 1376 creasset,

230 1390 260 1443 et
281 1382 442 1443 maioribus
465 1390 495 1443 et
518 1381 621 1443 solidis
643 1385 737 1460 magis
760 1382 878 1443 ossibus
901 1384 981 1443 intus

159 1488 212 1538 910
230 1471 397 1551 tundalum,
419 1469 523 1531 validis
547 1477 648 1549 aptum
670 1489 724 1549 per
746 1472 860 1551 viscera
882 1473 995 1552 nervis,

160 1568 284 1620 926nec
307 1557 392 1620 facile
416 1577 453 1619 er
476 1566 559 1619 aestu
581 1577 637 1619 nec
660 1559 770 1637 frigore
793 1559 872 1637 quod
895 1566 1065 1640 caperetur,

229 1665 285 1707 nec
307 1649 435 1707 novitate
459 1646 518 1707 cibi
540 1664 596 1708 nec
618 1645 678 1707 labi
700 1649 834 1725 corporis
856 1646 923 1708 ulla.

229 1733 379 1813 multaque
402 1753 456 1813 por
479 1733 592 1795 caelum
616 1733 686 1795 solis
709 1734 854 1795 volventia
876 1734 969 1795 lustra

230 1821 378 1902 volgivago
402 1824 492 1882 vitam
513 1822 679 1883 tractabant
700 1840 782 1883 more
805 1823 942 1883 ferarum.

159 1927 212 1978 920
229 1928 286 1971 nec
308 1909 448 1972 robustus
471 1919 534 1973 erat
556 1914 640 1972 curvi
662 1911 831 1972 moderator
852 1914 944 1973 aratri

159 2001 398 2080 931quisquam,
421 2016 476 2060 nec
500 1998 593 2061 scibat
615 2000 694 2060 ferro
717 1999 850 2059 molirier
873 2017 941 2059 arva

230 2105 381 2148 necnora
404 2087 542 2148 defodere
566 2090 730 2148 interram
752 2086 877 2166 virgulta
899 2105 995 2166 neque
1020 2086 1087 2148 altis
1121 2110 1157 2150 sas
1234 2070 1235 2095 ³

230 2174 386 2236 arboribus
408 2182 523 2235 veteres
547 2173 685 2236 decidere
707 2174 823 2236 lalcibu’
846 2193 952 2236 ramos.

229 2263 309 2342 quod
332 2263 377 2324 sol
399 2270 487 2342 atque
510 2263 621 2323 imbres
644 2263 796 2344 dederant,
818 2264 897 2342 quod
919 2273 1000 2324 terra
1023 2271 1135 2324 crearat

159 2367 210 2416 000
230 2358 334 2430 sponte
358 2369 424 2432 sua,
448 2353 519 2411 satis
542 2351 571 2410 id
594 2349 728 2430 placabat
749 2358 869 2430 pectora
891 2351 1010 2412 donum.

157 2445 213 2496 936
231 2438 408 2517 glandiferas
430 2441 509 2499 inter
533 2438 676 2499 curabant
697 2456 821 2518 corpora
844 2456 972 2517 quercus
1135 2517 1139 2524 ι

228 2525 418 2606 plerumque:
440 2534 470 2587 et
493 2545 566 2605 quae
590 2544 670 2588 nunc
691 2525 816 2587 hiberno
839 2534 972 2606 tempore
996 2529 1094 2588 cernis
1122 2550 1159 2590 oro

230 2613 324 2674 arbita
347 2616 473 2693 puniceo
496 2616 562 2674 fieri
584 2622 700 2676 matura
722 2614 834 2695 colore,

226 2701 354 2781 plurima
376 2710 440 2762 tum
462 2701 549 2764 tellus
573 2705 662 2763 etiam
684 2705 795 2763 maiora
817 2702 940 2764 terebat.

159 2806 209 2856 930
227 2790 376 2869 multaque
399 2798 552 2869 praeterea
576 2793 690 2851 novitas
713 2798 776 2852 tum
799 2782 904 2851 llorida
927 2791 1032 2851 mundi

158 2884 209 2935 941
225 2877 332 2956 pabula
355 2878 429 2939 dura
451 2878 531 2960 tulit,
553 2881 672 2939 miseris
695 2877 868 2940 mortalibus
891 2877 996 2957 ampla.

227 2972 257 3026 at
279 2967 384 3026 sedare
407 2967 487 3026 sitim
510 2966 592 3027 duvii
614 2966 771 3045 sontesque
794 2966 952 3047 vocabant,
1121 2989 1156 3030 ou

226 3060 260 3114 ut
282 3072 361 3114 nunc
383 3053 532 3114 montibus
556 3073 573 3114 e
596 3057 712 3133 magnis
735 3055 880 3116 decursus
904 3057 991 3133 aquai

226 3140 318 3218 largu’
342 3143 413 3201 citat
435 3141 492 3202 late
517 3144 648 3203 sitientia
671 3142 767 3203 saecla
791 3143 930 3204 serarum.

157 3245 208 3294 930
228 3228 355 3306 denique
377 3234 446 3288 nota
469 3231 535 3307 vagi
558 3228 705 3290 silvestria
727 3231 838 3310 templa
860 3229 1000 3310 petebant

156 3323 211 3373 946
226 3315 435 3393 nympharum,
459 3316 566 3394 quibus
590 3337 606 3378 0
631 3317 746 3379 scibant
769 3319 874 3379 umori’
896 3320 1007 3380 fluenta

227 3400 342 3462 lubrica
364 3400 496 3479 proluvie
521 3402 602 3482 larga
625 3404 722 3467 lavere
745 3408 845 3467 umida
871 3425 954 3488 saxa,

227 3489 327 3549 umida
351 3505 436 3569 saxa,
460 3507 549 3568 super
571 3493 660 3553 viridi
683 3494 822 3556 stillantia
845 3514 961 3577 musco,

1234 2764 1236 2855 l
