2484 3800
141 135 191 190 LX
504 135 787 192 PROLEGOMENA.

142 284 205 344 vult
232 301 299 344 eum
327 282 425 344 locum
453 286 504 362 qui
530 291 576 343 est
598 283 636 343 de
659 281 836 361 imaginibus
858 285 890 342 in
913 281 1042 362 speculis
1064 300 1169 362 appa-

142 370 277 432 rentibus
301 369 475 434 269-298
498 378 529 433 et
552 367 736 433 323-347.
778 371 940 451 posthaec
963 389 997 431 ea
1020 370 1167 451 collocat,

144 478 218 538 quae
242 459 278 519 de
302 458 423 520 umbrae
446 466 529 520 motu
553 462 604 538 qui
615 459 739 520 'videtur
759 458 885 538 legimns
903 478 948 520 vv.
967 454 1165 521 364-378.

143 547 222 609 bunc
246 547 380 609 ordinem
403 547 473 608 olim
495 546 624 608 laudavi:
647 554 677 607 et
700 566 769 608 sane
792 565 842 607 res
863 550 1016 626 ingeniose
1034 549 1165 625 excogi-

142 642 203 697 tata
229 642 282 696 est.
329 636 380 696 sed
409 635 688 715 transpositionibus
715 635 774 695 illis
803 653 877 714 opus
901 641 1038 696 nonest.
1084 654 1164 695 nam

143 730 190 804 ut,
218 725 289 802 quin
314 731 401 802 poeta
423 724 486 784 loco
510 724 547 784 de
570 723 795 784 simulacrorum
816 726 849 783 in
872 723 1000 802 speculis
1022 723 1162 783 motibus

145 815 196 891 qui
218 813 369 893 ridentur,
392 811 528 872 subicere
550 815 689 892 potuerit,
711 811 800 890 idque
823 811 870 872 vel
892 815 1053 892 aptissime,
1078 830 1162 891 quae

143 900 190 960 de·
212 899 334 961 umbrae
360 909 443 960 motu
474 900 612 980 legimus,
642 899 764 960 dubium
795 917 855 959 non
886 907 945 981 est,
976 903 1017 960 ita
1048 918 1086 960 ne
1120 918 1163 961 ea

145 981 273 1069 quidem,
296 1007 370 1068 quae
393 996 427 1049 ut
449 991 604 1050 interiecta
622 988 731 1049 seclusi
752 984 935 1068 aot—340,
957 1007 1017 1049 non
1034 986 1159 1048 vinculo

144 1077 270 1155 quodam
300 1095 367 1138 cum
396 1079 440 1138 eis
468 1094 542 1155 quac
570 1084 735 1155 sequuntur
761 1078 963 1158 continentur;
994 1094 1063 1136 uam
1093 1094 1160 1136 non

144 1183 214 1225 casu
237 1165 346 1225 factum
369 1164 495 1245 videtur,
517 1172 550 1225 ut
572 1172 639 1226 ante
665 1164 787 1225 umbrae
809 1167 998 1242 mentionem,
1021 1183 1098 1242 quae
1122 1164 1160 1224 fit

144 1249 218 1332 347,
253 1252 324 1313 illud
361 1250 570 1314 adumbratim
600 1252 765 1332 praecedat.
796 1285 840 1295 —
872 1248 1055 1313 239-243.
1088 1249 1155 1312 241

144 1334 224 1423 (226
255 1333 339 1423 Brg.)
362 1359 379 1398 a
402 1341 552 1418 Kanneng.
584 1340 655 1400 diss.
687 1359 715 1418 p.
744 1338 795 1421 27,
826 1359 892 1401 ann.
919 1340 1036 1401 Lucret.
1066 1338 1158 1403 1879

144 1447 171 1506 p.
192 1426 264 1490 226.
283 1461 326 1471 -
346 1424 411 1488 244
434 1436 464 1489 et
487 1425 564 1508 261,
588 1425 670 1506 fere‘s
690 1445 769 1506 qaae
786 1445 877 1490 rere
894 1426 1157 1507 transplantetur:

143 1515 206 1576 Lm.
238 1535 263 1576 v.
291 1512 369 1596 244,
405 1534 442 1576 ne
473 1514 555 1594 qaod
580 1533 678 1595 penas
708 1519 772 1576 sine
803 1519 878 1578 seret
907 1519 1037 1596 positum
1065 1524 1156 1597 esset,

144 1639 187 1646 -
215 1605 251 1664 cl.
278 1604 314 1664 ad
341 1604 368 1664 ll
397 1600 461 1664 194
483 1606 581 1665 -in
612 1611 738 1683 utroque
768 1623 857 1665 versu
887 1624 941 1684 pro
967 1622 1046 1683 qaae
1072 1623 1156 1666 aare:

143 1710 221 1771 qaae
243 1694 323 1767 sant,
346 1689 418 1754 beree
440 1694 573 1772 scripsit3
599 1710 686 1753 nemo
710 1711 779 1753 eum
801 1700 921 1754 secutus
943 1700 997 1754 est.
1021 1726 1063 1734 -
1088 1691 1153 1756 267

144 1779 179 1841 e'rr
201 1779 283 1842 e'derre
304 1780 357 1840 ΜΓ.
381 1779 417 1842 e're
443 1797 513 1841 eam
535 1779 592 1851 00.
624 1781 660 1841 cf.
683 1799 710 1860 p.
734 1780 794 1841 XX.
834 1779 947 1842 iterum
968 1777 1031 1841 Lm.
1053 1780 1086 1841 B.
1110 1815 1155 1824 -

143 1888 169 1929 v.
184 1866 249 1931 290
268 1861 360 1953 (Lm.)
379 1887 396 1929 a
414 1867 598 1930 Lachmanno
617 1877 685 1950 post
697 1866 772 1948 270,
791 1888 807 1930 a
823 1868 984 1949 Bernaysio
1002 1876 1070 1949 post
1088 1867 1157 1933 269

143 1960 273 2037 positum
304 1956 368 2018 loco
396 1976 456 2018 non
482 1976 593 2020 moveo.
644 1965 712 2036 post
739 1956 803 2020 272
831 1952 910 2041 (289
938 1951 1015 2040 Lm.)
1044 1960 1156 2019 excidit

144 2044 268 2126 aliquid,
296 2046 331 2106 cf.
360 2044 450 2105 Goeb.
478 2045 540 2106 obs.
567 2065 595 2126 p.
625 2043 675 2107 19.
721 2046 828 2107 Christ.
855 2065 883 2125 p.
909 2043 959 2107 11.
1003 2046 1056 2106 ΜΓ.
1080 2046 1153 2107 Poll.

143 2133 162 2194 l.
182 2153 206 2194 c.
230 2152 256 2211 p.
279 2131 343 2194 339
363 2152 405 2212 sq.
426 2167 468 2176 -
487 2131 550 2195 291
575 2132 650 2195 adea
673 2151 695 2196 e
715 2129 846 2213 sperato:
868 2130 986 2212 specul>
1009 2133 1067 2205 00.
1087 2133 1154 2195 edd.

143 2254 186 2264 —
201 2220 266 2283 293
289 2223 444 2285 eoaeatit
467 2221 525 2293 OQ.
548 2222 578 2282 P.
601 2221 721 2301 Langen
744 2222 762 2283 l.
783 2240 807 2282 c.
830 2220 1013 2284 eareate'tur
1034 2222 1097 2283 Lm.
1122 2222 1154 2283 B.

144 2344 186 2353 —
206 2308 270 2373 328
290 2329 394 2389 sq.
414 2328 468 2371 aer
490 2312 556 2371 ater
572 2309 604 2369 Β.
622 2310 660 2370 Μ.
684 2306 838 2371 obsederat
858 2328 913 2372 aer
933 2308 1075 2371 ceratinae
1095 2310 1153 2382 00.

144 2401 222 2480 ater,
250 2416 326 2461 aera
354 2397 416 2459 Lm.
440 2431 483 2440 -
507 2394 572 2458 344
599 2396 643 2459 ad
667 2400 790 2459 bream
886 2400 1012 2459 taamar
1035 2398 1098 2459 Lm.
1121 2398 1153 2459 B.

144 2489 272 2549 taaetar
294 2486 353 2557 00.
376 2487 516 2547 terartm
533 2485 585 2546 ΜΓ.
605 2519 648 2529 -
667 2483 733 2548 380
755 2505 818 2565 sqq.
842 2485 1032 2565 ertarrtisqae
1043 2484 1155 2565 procat

218 2573 331 2636 montis
347 2570 510 2635 elaeodes
535 2572 616 2634 ieter
641 2590 715 2652 qaas
743 2574 801 2645 00.
828 2574 924 2635 ka.
951 2575 1017 2635 Mc:
1049 2577 1156 2637 eetaet

143 2679 238 2741 aeque
256 2662 318 2723 Lm.
331 2662 363 2723 Β.
379 2696 421 2705 -
434 2658 499 2723 401
519 2658 628 2722 nubila
645 2660 800 2739 desperem
813 2661 871 2733 00.
890 2663 989 2741 vulgo:
1007 2660 1155 2741 dabpieere

144 2750 206 2811 Lm.
235 2749 277 2829 B.‚
304 2769 329 2810 v.
357 2749 457 2829 philol.
485 2748 578 2810 XXIX
603 2746 678 2809 444.
702 2783 744 2793 -
773 2769 790 2808 s
814 2747 889 2812 402.
934 2751 1090 2831 desperavi
1116 2753 1153 2813 de

145 2838 364 2919 emendatione,
404 2837 539 2898 lacunam
557 2890 560 2896 .
575 2844 674 2898 tamen
710 2846 791 2900 certo
828 2839 1007 2918 adgnoscere
1043 2839 1154 2901 videor.

145 2934 278 2987 ceterum
305 2944 342 2986 ne
366 2944 445 2986 nunc
469 2925 588 3004 quidem
611 2927 684 2986 mihi
708 2929 779 2987 satis
802 2934 917 2988 constat
938 2945 999 2987 non
1021 2930 1154 3007 potuisse

144 3014 316 3075 Lucretium
339 3012 481 3075 medarde
503 3013 644 3094 scribere,
668 3014 745 3093 quod
766 3014 937 3075 adverbium
956 3034 1026 3076 sane
1044 3019 1154 3077 mirum

144 3121 249 3164 rursus
273 3105 403 3163 occurrit
425 3121 450 3161 v.
473 3098 553 3183 445,
575 3101 629 3162 ubi
651 3110 697 3162 est
718 3100 861 3165 rar'rarede
882 3100 995 3186 malta,
1017 3123 1072 3183 pro
1096 3124 1154 3183 quo

144 3191 206 3251 Lm.
229 3187 353 3252 retracti
374 3186 480 3266 malta,
499 3189 531 3251 B.
555 3197 585 3251 et
602 3190 655 3251 ΜΓ.
673 3187 829 3252 miraculae
845 3188 951 3253 malta.
971 3225 1012 3233 —
1031 3187 1097 3254 466
1116 3190 1156 3254 ab

143 3296 236 3341 sereser
255 3276 337 3358 falso
359 3276 440 3340 rate‘e
463 3280 531 3340 orta
553 3326 613 3361 ...,
636 3297 714 3358 qaae
736 3281 799 3341 teta
816 3277 856 3341 ab
872 3278 1010 3341 aenedas
1028 3282 1155 3358 aptast:

144 3370 243 3430 ortast
268 3371 367 3448 inepte
391 3367 449 3438 00.
478 3367 543 3428 edd.
571 3371 702 3428 correxit
723 3368 867 3428 Hoeterus
892 3370 924 3428 in
946 3368 1045 3429 libello
1068 3369 1155 3451 bono,

145 3476 235 3537 quem
257 3457 293 3517 de
316 3473 458 3517 sensuum
477 3456 610 3517 doctrina
633 3456 784 3518 aLucret.
802 3455 820 3517 l.
839 3456 875 3517 lV
893 3464 1017 3518 tractata
1035 3460 1156 3537 scripsit
