2484 3800
161 129 225 196 102
647 126 687 181 IV

229 282 381 355 praeterea
405 277 432 334 si
455 293 530 354 quae
553 276 671 353 penitus
694 273 868 354 corpuscula
889 291 999 334 rerum

159 380 210 430 200
230 382 266 424 ex
289 361 405 441 altoque
429 363 507 422 loras
530 364 701 443 mittuntur,
724 363 795 423 solis
817 365 862 422 uti
883 361 933 422 lux
1159 379 1197 419 eoo

229 469 263 511 ac
285 469 388 530 vapor,
411 450 483 510 haec
505 458 615 529 puncto
639 459 803 512 cernuntur
824 451 904 529 lapsa
922 450 986 510 diei

158 554 215 606 000
228 557 282 617 000
305 546 399 599 totum
422 538 496 599 caeli
519 541 645 619 spatium
668 539 833 600 diffrmdere
856 556 921 598 sese

159 642 215 694 167
229 645 341 705 perque
364 625 461 687 volare
484 645 565 688 mare
588 646 622 688 ac
645 635 740 688 terras
763 627 933 704 caelumque
955 628 1087 703 rigare:
1150 645 1188 686 ¹oe

230 715 302 794 quid
325 733 399 795 quae
423 722 493 775 sunt
513 717 605 794 igitur
627 716 685 776 iam
708 717 803 795 prima
825 716 920 774 lronte
941 711 1083 792 parata?

160 819 213 870 210
231 821 298 864 oum
322 806 470 864 iaciuntur
492 809 522 863 et
545 806 687 864 emissum
709 821 759 864 res
781 802 860 864 nulla
882 808 1032 882 moratur,
1147 821 1185 862 eoo

231 910 329 953 nonne
351 892 433 952 vides
456 893 545 952 citius
569 891 677 952 dehere
701 898 731 952 et
753 891 868 969 longius
890 892 935 950 ire

159 996 215 1048 205
228 980 440 1059 multiplexque
463 979 521 1040 loci
544 983 671 1060 spatium
693 987 896 1040 transcurrere
919 977 1026 1039 eodem

230 1076 363 1149 tempore
387 1086 444 1146 quo
468 1067 539 1128 solis
561 1067 733 1147 pervolgant
754 1067 865 1128 lumina
888 1063 1026 1127 caelum?

231 1157 287 1218 hoc
310 1159 398 1217 etiam
420 1159 452 1216 in
475 1159 580 1237 primis
602 1158 753 1236 specimen
774 1173 878 1216 rerum
900 1173 967 1214 esse
990 1154 1131 1234 videtur,

161 1261 213 1310 210
232 1264 320 1324 quam
343 1245 433 1306 celeri
455 1252 537 1306 motu
559 1262 661 1305 rerum
682 1243 839 1304 simulacra
861 1243 1008 1323 serantur,
1139 1264 1176 1304 no

233 1334 311 1412 quod
334 1332 422 1394 simul
445 1351 478 1392 ac
500 1335 631 1412 primum
653 1331 708 1412 sub
733 1332 784 1393 diu
807 1331 947 1411 splendor
970 1334 1061 1410 aquai

161 1436 218 1488 210
231 1424 364 1502 ponitur,
387 1420 532 1499 extemplo
555 1421 637 1482 caelo
661 1415 796 1481 stellante
819 1437 924 1480 serena

233 1509 330 1569 sidera
353 1508 532 1587 respondent
554 1511 586 1569 in
609 1527 684 1587 aqua
705 1509 850 1569 radiantia
872 1508 983 1568 mundi

232 1599 329 1656 iamne
351 1596 433 1656 vides
455 1598 547 1674 igitur
570 1615 657 1676 quam
679 1604 788 1675 puncto
811 1603 944 1676 tempore
967 1599 1065 1674 imago

162 1700 214 1749 220
233 1684 360 1744 aetheris
383 1702 419 1743 er
443 1686 504 1744 oris
526 1687 558 1744 in
580 1692 727 1746 terrarum
750 1685 862 1748 accidat
884 1681 974 1744 oras?

233 1789 323 1850 quare
346 1772 434 1831 etiam
458 1778 545 1850 atque
568 1775 655 1833 etiam
678 1775 753 1834 mua
776 1773 884 1833 fateare
908 1780 1060 1832 necessest

657 1881 674 1918 *

161 1964 219 2017 237
232 1967 312 2009 nunc
334 1967 369 2009 ea
391 1968 465 2028 quae
488 1950 554 2010 dico
577 1968 678 2010 rerum
702 1949 856 2011 simulacra
879 1950 1017 2010 feruntur

232 2038 363 2116 undique
386 2045 416 2098 et
437 2040 469 2097 in
492 2045 611 2099 cunctas
635 2040 783 2099 iaciuntur
805 2038 897 2098 didita
920 2040 1027 2118 partis3
1093 2072 1097 2077 -

162 2133 388 2207 240000010000
411 2126 524 2206 111011,
547 2128 675 2205 speciem
699 2144 757 2205 quo
780 2129 935 2206 vertimus,
958 2143 1062 2185 omnes

162 2231 214 2281 220
232 2233 282 2275 000
305 2214 347 2274 ibi
370 2233 434 2274 eam
456 2220 558 2274 contra
581 2214 689 2274 feriant
711 2215 804 2274 lorma
826 2222 913 2293 atque
937 2211 1045 2273 001000.

232 2321 335 2364 verum
357 2320 411 2362 nos
435 2301 528 2363 oculis
551 2304 620 2380 quia
643 2303 714 2363 solis
737 2320 859 2363 cernere
883 2304 1002 2380 quimus

655 2408 674 2450 a

233 2487 263 2540 et
285 2486 427 2558 quantum
450 2496 583 2557 quaeque
607 2477 643 2539 ab
666 2478 752 2539 uobis
773 2497 823 2539 res
846 2477 935 2558 absit,
957 2480 1055 2557 imago
1117 2467 1122 2474 ’
1233 2485 1234 2512 ¹

234 2568 324 2628 elficit
345 2574 378 2628 ut
402 2567 550 2627 videamus
573 2573 604 2627 et
625 2569 826 2627 internoscere
850 2573 946 2627 curat:

232 2672 300 2715 nem
324 2674 390 2715 oum
413 2657 552 2735 mittitur,
575 2654 722 2733 extemplo
744 2654 892 2734 protrudit
915 2657 1033 2733 agitque

162 2757 215 2806 200
234 2747 301 2802 adra
324 2745 375 2822 qui
398 2746 476 2803 inter
499 2760 531 2803 se
554 2750 709 2821 cumquest
732 2742 890 2821 oculosque
913 2742 1039 2822 locatus,

162 2842 220 2895 246
233 2831 317 2909 isque
341 2833 382 2891 ita
403 2850 458 2911 per
479 2838 595 2891 nostras
618 2833 698 2891 acies
719 2829 883 2909 perlabitur
905 2831 1002 2890 omnis

234 2924 263 2977 et
286 2921 370 2997 quasi
392 2926 542 2999 perterget
564 2918 690 2997 pupillas
713 2926 799 2997 atque
822 2921 863 2978 ita
886 2920 1000 2978 transit
1127 2940 1162 2979 uo

233 3012 389 3084 propterea
412 3008 445 3067 111
466 3010 511 3067 011
532 3007 683 3068 videamus
707 3025 794 3086 quam
815 3007 919 3085 procul
941 3006 1019 3066 absit
1126 3028 1162 3069 an

233 3109 281 3151 res
305 3111 446 3172 quaeque.
484 3103 513 3155 et
537 3094 733 3175 quantoplus
757 3096 834 3155 atris
857 3101 924 3154 ante
947 3097 1076 3172 agitatur
1126 3117 1162 3157 seo

162 3194 214 3244 235
233 3187 263 3238 01
285 3186 403 3237 nostros
426 3181 526 3241 000100
549 3190 699 3259 perterget
721 3182 836 3259 longior
858 3200 942 3261 aura,
1125 3205 1161 3245 ese

162 3271 292 3329 251tam
314 3263 417 3339 procul
440 3283 505 3325 esse
529 3270 622 3345 magis
645 3287 693 3328 res
716 3287 848 3347 quaeque
871 3276 984 3330 remota
1008 3270 1129 3330 ridetur.
1233 3315 1234 3358 q

235 3346 360 3424 scilicet,
382 3346 455 3406 haec
478 3368 591 3411 summe
616 3353 706 3414 celeri
729 3358 841 3415 ratione
864 3363 1020 3435 geruntur,

418 3430 618 3513 [etl—229]
635 3467 675 3489 ==
691 3441 714 3499 V
732 3440 914 3502 921-933.
