2484 3800
157 153 221 217 130
640 152 679 207 IV

243 309 272 361 et
293 298 403 359 multae
426 297 542 359 steriles
564 298 740 377 Hymenaeis
763 303 830 358 ante
853 297 973 358 luerunt

242 385 390 467 pluribus,
413 394 443 448 et
464 394 566 447 nactae
588 392 657 465 post
679 392 749 447 sunt
768 392 869 445 tamen
891 386 968 446 unde
991 385 1111 465 puellos

155 490 230 543 1245
245 477 395 554 suscipere
418 482 448 535 et
469 482 556 553 partu
578 481 702 553 possent
723 473 869 535 ditescere
891 473 978 534 dulci

158 570 274 629 120001
297 563 404 641 quibus
427 569 494 624 ante
517 563 597 622 domi
619 561 761 622 fecundae
785 579 872 639 saepe
894 564 1071 640 nequissent

244 669 351 711 uxores
372 668 490 730 parere,
513 652 660 712 inventast
682 650 741 709 illis
764 666 880 727 quoque
903 667 1023 729 compar
1111 671 1170 713 issa

246 746 363 820 natura,
384 746 418 799 ut
440 745 561 817 possent
582 740 678 816 gnatis
700 739 817 798 munire
840 745 996 798 senectam

245 846 338 906 usque
361 826 433 887 adeo
456 828 554 904 magni
576 826 682 906 refert,
703 832 738 886 ut
759 827 872 886 semina
893 828 1008 904 possint

159 929 234 982 1250
246 915 407 976 seminibus
430 916 616 975 commisceri
638 912 805 992 genitaliter
828 920 907 994 apta,

66 1000 68 1005 ’
160 1019 383 1068 123001010οιιο
406 1004 580 1064 conveniant
601 1000 722 1080 liquidis
744 1008 775 1062 et
797 1000 907 1080 liquida
930 1003 1048 1063 crassis.

247 1099 334 1170 atque
356 1093 388 1151 in
411 1108 445 1152 eo
468 1090 560 1151 refert
582 1108 641 1168 quo
663 1091 743 1150 rictu
764 1091 823 1149 rita
845 1089 970 1150 colatur:
1113 1113 1170 1153 raso

245 1198 371 1258 namque
395 1178 460 1239 aliis
483 1176 572 1238 rebus
596 1184 791 1239 concrescunt
813 1180 925 1237 semina
946 1176 1104 1259 membris,

247 1276 335 1347 atque
358 1265 423 1327 aliis
446 1273 639 1328 extenvantur
660 1264 819 1344 tabentque
841 1267 980 1326 vicissim.

160 1369 233 1421 1255
249 1363 278 1417 et
301 1355 408 1434 quibus
431 1357 495 1434 ipsa
516 1353 612 1415 modis
635 1360 778 1414 tractetur
799 1352 906 1414 blanda
927 1353 1075 1434 voluptas,

162 1460 229 1510 1010
248 1444 277 1503 id
301 1460 417 1522 quoque
439 1444 592 1521 permagni
613 1442 718 1503 refert:
740 1459 809 1501 nam
830 1459 913 1502 more
936 1442 1067 1502 serarum

249 1528 528 1611 quadmpedumqne
551 1532 645 1609 magis
667 1532 728 1590 ritu
749 1527 923 1608 plerumque
945 1536 1088 1609 putantur
1112 1552 1170 1592 rscs

249 1622 405 1697 concipere
426 1636 549 1698 uxores,
571 1620 641 1696 quia
662 1620 706 1678 sic
728 1616 792 1678 loca
814 1635 931 1677 sumere
953 1624 1080 1697 possunt

248 1706 418 1786 pectoribus
439 1708 544 1786 positis
568 1705 691 1766 sublatis
714 1707 827 1767 semina
849 1704 965 1765 lumbis.

163 1808 304 1860 1260nec
326 1793 429 1855 molles
453 1795 518 1873 opu'
541 1801 611 1854 sunt
632 1800 730 1854 motus
752 1792 894 1854 uxoribus
916 1792 1018 1853 hilum.

163 1898 231 1948 1240
249 1902 317 1944 nam
339 1881 446 1944 mulier
467 1881 604 1962 prohibet
627 1900 658 1942 se
682 1884 838 1962 concipere
862 1888 948 1961 atque
971 1888 1134 1964 repugnat,

250 1971 385 2033 clunibus
408 1973 471 2050 ipsa
493 1973 551 2031 riri
571 1971 716 2031 Venerem
738 1972 766 2031 si
787 1969 862 2031 laeta
884 1977 1025 2031 retractat
1117 1993 1176 2034 mo

250 2067 336 2138 atque
360 2065 494 2120 exossato
518 2060 576 2119 ciet
598 2061 679 2118 omni
701 2065 820 2136 pectore
843 2058 964 2120 fluctusz

250 2150 320 2208 eicit
342 2149 421 2207 enim
445 2146 558 2207 sulcum
581 2153 663 2207 recta
685 2147 804 2224 regione
827 2149 931 2225 viaque

161 2247 233 2300 1265
250 2237 390 2315 vomeris,
412 2241 498 2313 atque
521 2233 595 2294 locis
618 2236 724 2294 avertit
745 2235 868 2294 seminis
890 2237 990 2296 ictum

163 2338 229 2388 1200
250 2323 338 2402 idque
363 2342 415 2383 sua
438 2340 525 2382 causo
548 2329 728 2383 consuerunt
751 2329 847 2383 scorta
867 2324 992 2402 moveri,

250 2430 288 2471 ne
311 2410 528 2490 complerentur
551 2409 656 2470 crebro
679 2410 872 2489 gravidaeque
895 2413 1039 2490 iacerent,
1120 2435 1180 2475 1010

250 2505 281 2560 et
303 2498 390 2558 simul
413 2500 476 2578 ipsa
499 2498 570 2558 viris
593 2496 691 2557 Venus
713 2503 748 2557 ut
769 2500 941 2558 concinnior
963 2504 1056 2578 esset3

250 2585 423 2664 coniugibus
447 2585 525 2664 quod
547 2585 590 2646 nil
612 2586 724 2646 nostris
746 2602 820 2663 opus
843 2604 909 2646 esse
931 2586 1057 2647 ridetur.

160 2681 234 2739 1270
294 2673 356 2734 Nec
378 2673 518 2734 divinitus
541 2673 691 2736 interdum
712 2671 893 2752 Venerisque
916 2676 1030 2752 sagittis

162 2771 229 2824 1200
252 2763 398 2822 deteriore
420 2763 454 2822 fit
475 2768 509 2822 ut
531 2762 625 2821 forma
647 2760 819 2822 muliercula
841 2769 967 2822 ametur:

251 2867 319 2910 nam
341 2850 412 2910 iacit
433 2852 498 2928 ipsa
521 2852 584 2910 suis
607 2849 756 2910 interdum
779 2850 887 2910 femina
909 2850 993 2910 lactis
1123 2875 1183 2914 reso

251 2939 466 3016 morigerisque
489 2937 583 2998 modis
607 2944 637 2998 et
658 2937 768 2997 munde
791 2955 913 3017 corpore
937 2937 1029 3019 cnlto,

250 3031 284 3085 ut
306 3025 390 3086 facile
413 3028 562 3086 insuescat
584 3026 612 3086 te
635 3043 736 3086 secum
758 3024 866 3104 degere
888 3028 985 3086 vitam.

162 3121 234 3172 1275
253 3112 330 3190 qnod
354 3120 502 3194 superest,
525 3112 707 3173 consuetudo
730 3115 887 3174 concinnat
907 3131 1051 3174 amorem:

164 3214 320 3262 1200110111
342 3198 446 3260 leviter
469 3203 601 3280 quamvis
624 3200 703 3278 quod
725 3200 830 3262 crebro
852 3203 987 3263 tunditur
1009 3204 1087 3284 ictn,

252 3287 380 3345 vincitur
402 3289 433 3345 in
455 3287 542 3366 longo
566 3291 661 3366 spatio
684 3296 782 3349 tamen
804 3296 892 3369 atque
914 3289 1046 3351 labascit
1122 3312 1185 3353 rsss

253 3389 350 3431 nonne
373 3372 454 3432 vides
477 3377 565 3436 etiam
588 3382 685 3453 guttas
708 3379 739 3436 in
763 3395 831 3438 saxa
854 3379 986 3439 cadentis

253 3460 365 3518 umoris
388 3457 473 3537 longo
496 3463 527 3521 in
550 3465 644 3539 spatio
667 3464 845 3542 pertundere
869 3462 960 3527 saxa?
