2484 3800
559 166 573 221 1

131 314 280 393 principio
303 312 487 373 fundamenti
509 320 614 375 natura
636 313 756 374 carebit,

57 410 113 459 575
134 409 204 462 sunt
225 404 317 480 igitur
339 401 433 461 solida
455 401 595 481 pollentia
617 402 821 482 simplicitate,

59 497 116 549 575
134 508 261 568 quorum
283 490 432 551 condenso
455 493 550 569 magis
572 493 671 551 omnia
694 490 851 551 conciliatu
1030 503 1072 545 ⁵⁷⁵

134 579 225 639 artari
246 585 373 657 possunt
394 578 563 657 validasque
586 579 742 640 ostendere
765 581 845 640 viris.
862 576 873 659 ΙΙ

177 666 313 745 [0001000
335 668 394 726 iam
417 669 556 744 quoniam
578 669 742 746 generatim
765 667 879 728 reddita
902 668 969 727 finis

60 761 120 813 505
134 754 289 816 crescendi
310 754 401 815 rebus
423 761 539 815 constat
560 757 709 833 vitamque
732 755 866 835 tenendi,
1031 766 1072 807 585

60 850 116 900 580
135 850 166 903 00
188 842 260 921 quid
284 860 416 921 quaeque
441 850 551 921 queant
571 862 627 923 per
649 843 768 904 foedera
790 845 919 923 naturai,

135 931 207 1010 quid
229 948 319 1010 porro
341 938 504 1012 nequeant,
526 933 672 992 sancitum
696 930 934 1010 quandoquidem
956 937 1050 1010 extat,

134 1038 190 1080 neo
213 1025 411 1079 commutatur
434 1022 604 1101 quicquam,
629 1022 701 1098 quin
723 1022 821 1081 omnia
844 1025 980 1079 constent

134 1126 229 1186 usque
254 1106 340 1187 adeo,
362 1108 460 1167 variae
482 1107 618 1168 volucres
641 1115 674 1167 ut
696 1108 728 1167 in
751 1106 854 1167 ordine
878 1114 1000 1168 cunctae

64 1202 120 1255 590
135 1195 294 1257 ostendant
314 1194 445 1256 maculas
467 1195 613 1274 generalis
637 1213 760 1275 corpore
782 1197 895 1276 inesse,
1033 1208 1073 1249 500

64 1291 117 1342 585
135 1282 312 1345 inmutabili'
334 1285 475 1344 materiae
499 1301 616 1363 quoque
640 1302 748 1362 corpus
770 1282 878 1343 habere

137 1371 265 1451 debent,
283 1373 437 1432 nimirum:
460 1390 528 1432 nam
551 1374 579 1432 si
599 1372 762 1451 primordia
783 1388 885 1437 rerum

136 1462 312 1521 commutari
335 1458 432 1538 aliqua
454 1467 578 1538 possent
598 1462 712 1521 ratione
735 1462 857 1541 revicta,

136 1551 284 1609 incertum
307 1566 425 1626 quoque
447 1549 507 1607 iam
530 1554 646 1608 constet
669 1548 739 1627 quid
761 1550 855 1628 possit
878 1550 964 1630 oriri,

64 1643 120 1694 595
137 1636 208 1715 quid
231 1642 372 1717 nequeat,
394 1636 476 1696 finita
499 1643 630 1715 potestas
653 1636 780 1715 denique
803 1638 910 1715 cuique
1033 1648 1074 1690 085

64 1732 118 1781 590
138 1742 266 1803 quanam
288 1726 328 1784 sit
349 1726 464 1784 ratione
487 1730 575 1803 atque
597 1724 655 1785 alte
679 1727 823 1786 terminus
846 1725 985 1806 haerens,

137 1831 193 1873 nec
215 1814 326 1872 totiens
348 1819 470 1891 possent
493 1815 656 1891 generatim
679 1812 774 1874 saecla
796 1814 910 1874 8010880

137 1908 273 1963 naturam
294 1918 394 1962 mores
416 1902 527 1962 victum
548 1909 706 1980 motusque
729 1910 892 1981 pareutum.

181 1989 256 2049 Tum
281 2007 371 2067 porro
394 1991 564 2068 quoniamst
585 1996 749 2050 extremum
774 1991 910 2069 quodque
933 2008 1073 2051 cacumen

561 2095 581 2144 Ξ,
903 2104 904 2109 ,

65 2173 123 2226 000
138 2166 272 2245 corporis
295 2163 389 2246 illius,
412 2165 489 2244 quod
512 2167 608 2226 nostri
630 2183 752 2226 cernere
776 2182 881 2226 sensus
1034 2179 1075 2220 eoo

64 2262 118 2313 595
138 2257 197 2314 iam
219 2259 384 2333 nequeunt,
407 2253 451 2335 id,
473 2256 629 2335 nimirum,
652 2256 715 2314 sine
738 2252 871 2332 partibus
895 2259 974 2314 extat

138 2348 169 2402 et
189 2344 312 2402 minima
334 2347 449 2401 constat
469 2349 575 2402 natura
596 2359 653 2401 nec
675 2343 731 2402 0010
752 2359 892 2419 umquam

137 2449 192 2510 per
215 2449 247 2490 se
271 2436 419 2490 secretum
440 2447 538 2508 neque
560 2429 684 2509 posthae
707 2447 773 2490 esse
795 2428 916 2508 valebit,

138 2517 260 2579 alterius
284 2519 452 2596 quoniamst
474 2520 572 2596 ipsum
594 2535 664 2596 pars
685 2520 854 2599 primaque,
877 2523 906 2577 et
928 2534 987 2577 una

65 2614 123 2666 005
136 2606 205 2667 1000
228 2605 412 2685 0110000000
435 2605 510 2666 aliae
533 2605 645 2666 similes
669 2624 705 2666 ex
728 2605 832 2666 ordine
854 2612 953 2684 partes
1035 2618 1076 2659 eoa

64 2704 119 2754 000
138 2696 255 2774 agmine
278 2694 426 2754 condenso
448 2700 586 2755 naturam
607 2695 740 2772 corporis
763 2692 895 2774 explent,

139 2801 213 2862 quae
236 2784 376 2861 quoniam
396 2801 452 2862 per
473 2801 506 2843 se
529 2789 682 2861 nequeunt
705 2789 854 2861 constare,
876 2789 1029 2842 necessest

136 2871 263 2932 haerere
285 2871 364 2930 unde
387 2869 598 2948 queantnulla
620 2872 734 2931 ratione
757 2869 868 2931 revelli.

138 2967 208 3020 sunt
230 2960 321 3036 igitur
344 2958 437 3019 solida
459 2959 620 3039 primordia
645 2957 846 3038 simplicitate,

64 3055 123 3106 610
139 3066 214 3126 quae
236 3048 369 3107 minimis
392 3049 498 3126 stipata
520 3047 679 3108 cohaerent
700 3046 833 3125 partibus
856 3053 932 3127 arte,
1035 3060 1076 3100 ⁶10

64 3143 120 3194 005
145 3154 207 3196 000
231 3153 267 3194 ex
290 3134 408 3195 illarum
430 3143 576 3196 conventu
598 3133 766 3215 conciliata,

137 3224 191 3285 sed
213 3225 308 3301 magis
331 3230 450 3283 aeterna
471 3223 613 3303 pollentia
636 3222 836 3303 simplicitate3

136 3312 216 3373 uude
240 3329 337 3390 neque
359 3311 445 3373 avelli
468 3314 626 3391 quicquam
648 3329 745 3389 neque
769 3311 902 3371 deminui
925 3311 984 3370 iam

136 3400 274 3462 concedit
296 3407 401 3460 natura
423 3418 579 3460 reservans
602 3402 715 3460 semina
738 3398 837 3460 rebus.

64 3497 121 3548 015
133 3496 290 3569 praeterea
312 3491 372 3549 nisi
395 3491 452 3549 erit
474 3490 643 3570 minimum,
664 3490 839 3569 parvissima
863 3504 996 3566 quaeque
1035 3499 1076 3540 ⁶1⁵

116 3600 260 3641 Lucnerms.
275 3599 309 3641 ed.
324 3599 452 3649 Brieger.
846 3593 861 3640 2
