2484 3800
155 206 241 260 XLIV
519 202 802 259 PROLEGOMENA.

156 354 218 413 Lm.
238 350 269 412 Β.
297 353 471 430 praetereat
490 351 543 411 Mr.
567 370 660 430 paene
688 354 798 429 inepte.
820 383 862 394 -
886 348 949 413 358
960 369 1005 429 sq.
1027 346 1175 428 eomplet-

157 459 213 520 que
230 437 371 519 querellis
381 437 590 518 frondiferum
607 438 709 500 uemu’
725 437 912 501 subsisteres.
930 437 1088 500 odeitiens.
1107 438 1174 508 00.

159 527 310 591 adsistens
333 546 408 589 corr.
431 528 464 598 0.
483 535 513 588 et
532 531 677 608 impressi,
696 527 867 589 Giussanus.
899 544 1006 588 55555
1024 525 1175 588 5655573

157 617 220 677 Lm.
239 616 270 676 B.
289 649 334 660 -
356 613 420 679 363
443 613 604 693 subitoque
627 617 760 677 auertere
781 633 900 691 5555,
922 615 1062 694 paulatim
1085 618 1173 675 enim

159 724 230 766 eura
257 707 401 766 minuitur
428 711 458 764 et
485 704 606 764 desinit:
633 701 825 782 subitamque
846 703 905 774 00.
928 706 1000 764 item
1021 703 1086 783 Mn,
1115 706 1173 782 qui

159 801 242 873 putat
265 796 305 853 ita
329 793 387 852 diei
409 810 496 871 posse
521 810 635 872 curam,
663 811 750 870 quam
773 795 841 870 quis
864 792 997 852 subierit.
1028 788 1174 852 solitam-

159 900 216 960 que
241 881 303 941 Lm.
335 877 517 958 dubiumque
543 879 575 940 Β.
607 913 650 923 -
683 878 748 941 380
770 900 788 937 e
811 877 873 942 381
905 926 934 940 ..
955 877 1177 958 *perfacilest

159 967 284 1032 enimi
305 967 424 1030 rutioue
446 965 594 1030 eusoioeue
616 967 676 1039 00.
700 969 736 1029 oi.
754 988 782 1047 p.
800 968 848 1028 xl.
866 968 965 1047 philol.
983 967 1072 1028 XXIV
1090 965 1171 1028 441.

160 1055 217 1119 tote·
234 1057 296 1118 Lm.
315 1058 368 1117 ΜΓ.
386 1053 488 1134 parili
505 1056 536 1117 Β.
556 1091 598 1099 -—
618 1054 681 1118 387
702 1059 785 1118 ortus
803 1056 861 1127 00.
881 1056 947 1116 edd.
964 1056 1074 1117 ka.:
1097 1059 1173 1118 ortu

159 1146 221 1206 Lm.
240 1146 271 1206 Β.
291 1179 333 1188 -
356 1141 421 1205 422
433 1164 474 1224 sq.
494 1143 594 1206 munis
616 1144 711 1221 euim,
735 1161 842 1206 seorsus
864 1162 943 1222 quoe
958 1141 1068 1206 mulcet
1083 1162 1175 1206 eum-

159 1253 216 1312 que
233 1232 255 1315 †
271 1232 412 1295 oideutusr
431 1281 437 1294 .
453 1279 481 1293 ..
500 1235 633 1294 ereoiest
648 1279 655 1293 .
672 1253 698 1293 .:
724 1251 841 1312 euupue
863 1231 977 1313 pipere,
1006 1233 1170 1293 Schneide-

160 1326 228 1382 win.
247 1322 347 1400 philol.
366 1318 465 1383 11153
484 1321 546 1380 Lm.
565 1320 596 1380 Β.
610 1320 664 1381 Mr.
688 1340 755 1381 eum
773 1322 810 1381 de
829 1324 910 1381 sonis
928 1320 1069 1381 odoribus
1087 1321 1170 1382 eolo·

160 1411 243 1471 ribus
271 1412 365 1488 egerit
392 1416 490 1490 poeta,
517 1408 621 1488 fipuro
648 1409 779 1469 seribere
805 1427 866 1469 non
891 1413 996 1488 potnit.
1040 1411 1170 1470 fortasse

162 1501 305 1576 seriptum
328 1498 384 1557 fuit
401 1513 535 1575 quaeque
552 1494 641 1557 e'uoat
660 1513 717 1558 res.
740 1529 783 1540 -·-
804 1493 872 1559 428
893 1498 1013 1576 umori
1031 1497 1092 1568 00.
1112 1498 1170 1558 Mr.

162 1582 394 1647 ctad1749:
420 1583 502 1646 uude
523 1584 586 1644 Lm.
604 1584 636 1644 Β.
660 1619 702 1628 -
731 1581 797 1645 429
818 1586 947 1664 possint
967 1585 1013 1646 0.:
1034 1588 1175 1664 possunt

161 1673 195 1734 0.
222 1673 284 1733 Lm.
307 1673 339 1734 B.
362 1707 404 1716 —
426 1671 490 1734 437
507 1691 550 1752 sq.
576 1690 637 1748 ree,
666 1679 738 1736 aut
764 1673 836 1744 00.;
867 1675 957 1752 etque
982 1674 1044 1733 Lm.
1068 1673 1100 1734 Β.
1123 1707 1169 1716 -

161 1759 226 1822 439
255 1758 523 1840 confuuduutque
550 1760 661 1821 Maruil.
686 1762 793 1822 Christ.
815 1761 834 1821 l.
853 1782 877 1822 c.
896 1781 924 1841 p.
945 1759 994 1823 16.
1012 1762 1066 1821 Mr.
1097 1779 1172 1824 cou-

159 1848 298 1931 fuuduut
319 1849 377 1921 00.
392 1849 456 1910 edd.
476 1882 518 1892 -
536 1846 611 1930 453,
625 1845 699 1932 455,
717 1848 792 1929 454,
810 1846 877 1912 464
954 1867 1117 1930 equorum,
1139 1853 1175 1912 et

156 1939 334 2018 perculsus
353 1932 441 2021 (00.)
457 1984 464 1999 .
479 1985 486 1999 .
501 1984 530 1999 ..
549 1941 639 2015 eutet,
657 1957 712 2001 uee
727 1938 897 2001 retinentur
910 1937 992 2001 euim
1005 1986 1014 1999 .
1028 1984 1035 1999 .
1050 1986 1058 1999 .
1076 1939 1169 2000 Goeb.

163 2027 284 2088 observ.
312 2047 340 2106 p.
368 2023 420 2088 45.
454 2024 629 2109 perculsus,
660 2027 797 2088 videlicet
821 2045 975 2109 papauer,
1007 2027 1043 2088 of.
1075 2028 1169 2108 Neue,

162 2115 371 2175 Formenlehre
400 2115 453 2174 der
479 2115 528 2175 lat.
554 2115 684 2193 Spraohe
707 2115 720 2175 1
743 2111 820 2177 649:
918 2133 1087 2193 equorum:
1113 2133 1173 2177 uec

161 2201 330 2265 retinentur
349 2250 355 2263 .
371 2249 378 2263 .
394 2249 422 2264 ..
445 2220 592 2280 quaeque,
614 2204 645 2264 et
658 2218 833 2282 pruursus
853 2249 900 2264 ...
923 2203 1035 2264 Maruli.
1054 2203 1118 2264 Lm.
1135 2204 1169 2265 B.

163 2292 309 2370 [nomque
332 2325 374 2334 —
403 2290 573 2369 equorum]
610 2291 682 2372 Mn,
719 2292 797 2370 quod
832 2294 879 2351 rix
916 2291 1088 2352 credideris.
1123 2324 1172 2337 -

161 2377 345 2443 464-477.
377 2376 565 2441 456-463ε
592 2382 633 2439 ite
651 2397 754 2439 verum
772 2398 910 2440 versuum
928 2381 1061 2439 ordinem
1080 2383 1169 2440 resti-

161 2472 219 2529 tuit
236 2467 434 2528 Hoerscheim.
459 2467 572 2527 observ.
595 2486 623 2546 p.
643 2464 813 2529 iti-459.
854 2469 908 2543 est,
932 2470 962 2528 et
977 2468 1171 2546 squalida

161 2556 291 2618 multu
304 2560 442 2618 ereum
456 2552 597 2616 odmiutu
610 2552 724 2616 doloris
738 2549 894 2638 (accusat.)
910 2573 1038 2634 corporo
1050 2556 1103 2616 ΜΓ.
1117 2558 1171 2631 est,

162 2662 177 2705 e
199 2640 313 2704 leuibus
335 2645 424 2722 atque
445 2642 601 2722 rutundum
624 2643 713 2703 verba
736 2650 805 2703 sunt
827 2662 843 2704 e
865 2660 954 2704 versu
973 2644 1169 2723 praecedente

162 2732 237 2791 male
265 2734 369 2792 iterata
392 2730 450 2801 00.
473 2728 617 2809 39557575
638 2733 713 2792 suut
732 2728 797 2792 tues
819 2739 874 2792 ete.
897 2733 959 2792 Lm.
981 2732 1013 2793 Β.
1036 2764 1080 2775 -
1102 2729 1170 2794 465

163 2814 242 2904 (473
270 2812 347 2900 Lm.)
446 2817 582 2894 oideude',
609 2816 675 2881 466
703 2838 746 2898 sq.
773 2838 862 2881 umor
888 2817 986 2882 dudem
1081 2837 1171 2881 mou-

161 2909 291 2988 sueseot3
325 2904 391 2969 468
424 2903 539 2985 liuque't
634 2904 699 2969 469
731 2924 843 2987 aspero
872 2926 973 2987 queem
1006 2902 1078 2990 (quo
1110 2907 1170 2980 00.

161 2997 223 3056 Lm.
243 2990 289 3079 B.)
305 3042 311 3055 .
326 3043 333 3055 .
348 3042 355 3055 .
372 2994 497 3073 possint
517 2995 569 3055 Mr.
608 2995 726 3056 Laohm.
748 3016 774 3056 v.
796 2993 863 3059 476
885 3004 953 3075 post
974 2994 1039 3058 473
1062 3000 1170 3077 posuit,

163 3083 290 3145 subiecit
317 3086 346 3144 ei
372 3079 445 3144 474.
491 3102 594 3145 rerum
622 3084 757 3144 ordinem
785 3087 916 3145 restituit
941 3088 1056 3163 primus
1079 3084 1169 3145 Goeb.

162 3172 224 3234 obs.
249 3172 365 3233 Lueret.
389 3189 417 3250 p.
437 3169 488 3251 37,
514 3174 565 3250 qui
588 3179 686 3233 tamen
709 3191 768 3233 non
792 3180 873 3234 reete
895 3170 994 3235 euius
1015 3175 1047 3233 in
1069 3170 1172 3234 salsus

161 3263 285 3321 mutavit
311 3268 341 3319 et
367 3278 425 3338 quo
453 3262 584 3321 retinuit.
611 3295 654 3304 -
681 3257 746 3322 472
774 3259 803 3321 se'
829 3259 933 3323 miuus
960 3262 1075 3324 omuia
1100 3262 1173 3323 suut

161 3348 223 3421 00.
247 3349 283 3410 cf.
307 3367 372 3409 ann.
395 3347 495 3426 philol.
521 3346 606 3410 1375
629 3369 657 3428 p.
680 3347 758 3412 619:
785 3346 920 3411 omudu'
941 3350 1086 3430 Muretus,
1109 3349 1171 3410 Lm.

160 3437 191 3499 Β.
202 3438 254 3498 Mr.
266 3470 308 3480 -
318 3433 384 3498 474
393 3438 612 3515 penetrareque
626 3453 729 3501 sama
739 3437 797 3509 00.
813 3437 877 3497 edd.
893 3440 928 3499 ei.
944 3438 1014 3499 ibid.
1028 3458 1056 3517 p.
1067 3436 1133 3501 620
1143 3446 1171 3498 et

159 3528 245 3607 inira,
259 3526 303 3586 ad.
319 3526 344 3585 ll
360 3521 445 3586 1008
456 3543 498 3603 sq.
510 3571 516 3585 .
528 3572 551 3585 ..
570 3541 634 3587 sese
647 3526 709 3585 Lm.
723 3525 808 3586 Β...
826 3542 914 3587 omen
927 3527 980 3587 Mr.
996 3560 1039 3570 -
1052 3523 1118 3588 475
1129 3573 1136 3586 .
1147 3572 1170 3585 ..
