2484 3800
596 137 637 190 111

153 289 267 343 noctes
290 290 379 361 atque
402 283 467 343 dies
491 284 547 343 niti
568 290 737 362 praestante
760 283 860 345 labore

158 370 202 430 ad
225 388 358 431 summas
379 388 533 449 emergere
556 389 643 452 opes,
664 371 736 431 haec
759 372 879 432 vulnera
900 374 977 432 vitae

157 476 224 518 non
246 461 401 519 minimam
422 467 539 538 partem
560 461 666 520 mortis
689 460 845 520 formidine
869 460 994 521 aluntur.

72 563 130 612 65
159 549 262 626 turpis
285 550 366 607 enim
388 548 482 607 terme
505 554 692 625 contemptus
715 555 745 609 et
767 551 843 609 acris
866 555 981 628 egestas

164 642 279 695 semota
301 635 338 695 ah
361 635 442 696 dulci
463 637 523 696 vita
546 635 703 715 stabilique
726 636 863 697 videntur

163 731 195 783 et
217 726 304 801 quasi
325 725 386 783 iam
407 722 460 783 leti
481 731 584 803 portas
606 728 774 785 cunctarier
794 731 876 784 ante:

163 810 242 872 unde
265 810 403 871 homines
425 810 497 871 dum
519 829 551 872 se
574 810 648 871 falso
670 820 784 873 terrore
806 814 901 872 coacti

163 900 304 982 effugisse
326 899 430 959 volunt
451 897 551 980 longe,
573 899 718 978 longeque
740 918 885 979 remosse,

88 1003 140 1053 70
163 988 310 1065 sanguine
332 987 412 1048 civili
435 1005 500 1047 rem
521 986 650 1047 conflant
671 988 847 1066 divitiasque

163 1073 375 1153 conduplicant
397 1076 487 1155 avidi,
509 1074 630 1135 caedem
653 1076 740 1135 caede
763 1072 998 1151 accumulantes,

164 1161 303 1224 crudeles
325 1162 456 1242 gaudent
476 1165 509 1222 in
530 1164 610 1222 tristi
633 1162 736 1223 funere
758 1165 873 1243 fratris,

162 1259 193 1311 et
216 1253 470 1329 consanguineum
492 1268 609 1310 mensas
633 1251 721 1311 odere
743 1254 918 1327 timentque.

163 1339 314 1400 consimili
336 1342 450 1400 ratione
472 1338 509 1398 ab
532 1338 637 1399 eodem
660 1357 747 1418 saepe
769 1342 878 1399 timore

100 1443 143 1492 75
161 1435 295 1488 macerat
317 1427 428 1487 invidia
450 1433 518 1487 ante
540 1425 642 1487 oculos
664 1427 748 1487 illum
770 1444 838 1486 esse
859 1428 1034 1503 potentem,

161 1515 249 1575 illum
271 1517 432 1594 aspectat-i,
454 1513 533 1575 claro
557 1517 609 1593 qui
630 1515 742 1575 incedit
762 1515 892 1591 honore3

161 1606 224 1686 ipsi
246 1620 279 1663 se
301 1605 335 1663 in
356 1602 489 1663 tenebris
511 1601 588 1662 volvi
610 1621 760 1682 caenoque
785 1606 970 1679 queruntur.

159 1694 315 1751 intereunt
336 1692 445 1769 partim
468 1696 631 1751 statuarum
654 1699 684 1751 et
705 1691 838 1751 nominis
862 1704 949 1763 ergo.

161 1785 192 1839 et
215 1796 305 1857 saepe
326 1796 423 1857 usque
445 1778 532 1858 adeo,
553 1781 659 1839 mortis
681 1776 859 1855 tormidine,
883 1775 967 1831 vitae

104 1882 141 1932 80
159 1862 290 1946 percipit
311 1866 457 1926 humanos
480 1865 581 1927 odium
602 1865 737 1947 lucisque
760 1861 933 1939 videndae,

159 1962 195 2015 ut
217 1954 277 2014 sibi
300 1957 486 2014 consciscant
507 1958 652 2015 maerenti
673 1960 797 2034 pectore
821 1949 941 2025 letum,

160 2042 247 2103 obliti
269 2043 382 2103 iontem
404 2060 543 2103 curarum
564 2043 644 2104 hunc
666 2059 733 2102 esse
756 2041 927 2111 timorem,

159 2130 240 2191 hunc
262 2148 371 2190 vexare
393 2130 551 2211 pudorem,
573 2131 653 2192 hunc
674 2124 798 2188 vincula
824 2118 980 2180 amicitiai

1 2282 3 2284 ,
159 2235 301 2297 rumpere
324 2224 355 2278 et
376 2219 410 2278 in
432 2234 547 2278 summa
567 2221 709 2297 pietatem
733 2215 884 2272 evertere
905 2201 932 2281 †
952 2198 1067 2296 suadet:

3 2306 4 2309 ’
109 2319 142 2369 85
158 2325 228 2367 nam
251 2308 312 2366 iam
335 2323 423 2384 saepe
445 2305 580 2365 homines
601 2306 730 2384 patriam
755 2309 920 2370 carosque
944 2289 1075 2366 paresslls

157 2393 357 2473 prodiderunt
377 2395 472 2453 vitare
494 2393 655 2453 Acherusia
677 2384 800 2464 templa
823 2383 988 2473 petentes..

159 2500 227 2542 nam
250 2480 344 2541 veluti
365 2483 453 2559 pueri
474 2480 623 2560 trepidant
645 2485 740 2554 atque
767 2469 883 2566 omnip
907 2475 1006 2522 ⁰³2⁰ss

159 2572 190 2629 in
212 2567 348 2629 tenebris
370 2562 526 2650 metuunt,‘
541 2571 585 2629 sic
606 2585 664 2627 nos
687 2566 724 2622 in
749 2559 827 2618 luce
852 2560 1000 2650 timemus

160 2657 325 2735 interdum,
346 2655 408 2716 nilo
432 2674 506 2734 quae
528 2663 598 2717 sunt
619 2645 799 2715 metuenda
823 2653 928 2714 magis
951 2647 1039 2708 (luam

115 2759 234 2824 ecquae
256 2746 346 2824 pueri
367 2746 400 2803 in
422 2742 554 2805 tenebris
576 2745 719 2824 pavitant
745 2731 939 2807 finguntque
962 2717 1073 2780 futura·

160 2833 237 2895 hunc
260 2834 355 2910 igitur
376 2838 521 2892 terrorem
544 2833 638 2893 animi
661 2821 893 2915 tenebrasque
916 2816 1075 2870 necessest

161 2940 217 2982 non
239 2920 319 2981 radii
341 2918 414 2980 solis
435 2937 532 2998 neque
554 2918 657 2981 lucida
681 2909 756 2972 tela
783 2904 853 3006 diet

163 3009 333 3088 discutiant,
356 3007 409 3066 sed
431 3015 553 3068 naturae
577 3005 708 3086 species
737 2999 901 3063 ratioque.

201 3097 336 3158 Primum
357 3097 487 3155 animum
506 3097 582 3175 dico,
604 3091 767 3153 mentem
790 3083 993 3153 quamsaepe
1012 3089 1235 3217 vocamus,

125 3186 191 3246 etin
211 3203 270 3265 quo
294 3181 452 3244 consilium
474 3186 550 3244 vitae
572 3181 809 3258 regimeffltue
834 3159 1010 3234 ¹⁰⁰³l¹¹¹¹¹⁸l2

167 3290 220 3334 esse
243 3273 375 3333 hominis
395 3278 509 3349 partem
531 3271 593 3332 nito
618 3265 749 3326 minus
781 3266 821 3308 ac
845 3257 950 3302 manus
974 3250 1008 3302 et
1033 3269 1112 3332 nes

56 3432 60 3445 Ι
168 3367 241 3440 atque
265 3359 346 3420 oculi
367 3365 466 3436 partes
488 3356 659 3420 animantis
689 3340 811 3405 totius
837 3332 945 3389 extant·
