2484 3800
423 823 465 906 Τ.
489 822 717 909 nocuum
750 822 872 910 unul

287 983 376 1080 DE
421 977 675 1083 RERUM
719 985 1008 1083 NATURA

483 1157 616 1222 ursan
638 1155 809 1224 neruus

1045 1383 1098 1471 Ὗ

184 1431 366 1506 Aeneadum
389 1445 537 1523 genetrix,
559 1443 713 1504 hominum
735 1444 892 1522 divomque
915 1445 1062 1527 voluptas,
1094 1512 1098 1519 ,

186 1533 272 1594 alma
295 1531 406 1613 Venus,
429 1530 503 1592 caeli
526 1530 628 1591 subter
650 1531 777 1593 labentia
801 1535 884 1611 signa

190 1638 274 1700 quae
297 1637 377 1680 mare
400 1622 583 1700 navigerum,
607 1638 681 1698 quae
704 1627 799 1681 terras
823 1621 1025 1700 frugiferentis

191 1707 399 1788 concelebras,
421 1715 527 1787 perte
551 1711 691 1786 quoniam
714 1727 806 1787 genus
830 1727 917 1770 omne
940 1713 1121 1773 animantum

145 1808 167 1857 5
192 1799 365 1875 concipitur
386 1798 513 1874 visitque
537 1803 672 1858 exortum
695 1796 806 1858 lumina
829 1797 909 1859 solis.

191 1881 204 1971 Η
218 1894 263 1966 te,
285 1885 352 1966 dea,
375 1891 404 1947 te
428 1885 543 1963 fugiunt
566 1887 659 1966 venti,
682 1892 711 1946 te
734 1884 834 1947 nubila
858 1886 932 1948 caeli

194 1975 413 2052 adventumque
436 1981 535 2054 tuum,
558 1974 614 2034 tibi
637 1976 734 2034 suavis
758 1974 877 2035 daedala
899 1975 987 2038 tellus

196 2065 354 2123 summittit
377 2062 479 2142 flores,
501 2062 556 2121 tibi
579 2062 678 2122 rident
701 2080 827 2141 aequora
850 2068 935 2141 ponti

195 2151 400 2230 placatumque
423 2153 498 2210 nitet
520 2150 627 2211 diffuso
651 2150 762 2211 lumine
786 2148 936 2232 caeluml}

131 2248 173 2299 10
195 2257 264 2299 nam
288 2237 375 2299 simul
398 2257 432 2299 ac
455 2240 570 2317 species
593 2239 766 2317 patefactast
788 2256 878 2298 verna
901 2240 961 2300 diei

195 2336 226 2388 et
249 2334 378 2387 reserata
401 2329 480 2405 viget
502 2326 671 2405 genitabilis
694 2345 764 2387 aura
787 2327 897 2407 favoni,

195 2418 292 2476 adriae
316 2417 444 2493 primum
467 2414 601 2475 volueres
625 2422 668 2496 te,
691 2415 770 2495 diva,
792 2422 934 2493 tuumque

196 2504 363 2583 significant
386 2505 493 2564 initum
515 2502 669 2581 perculsae
692 2504 780 2563 corda
802 2510 852 2564 tua
875 2505 911 2564 vi.

195 2592 264 2652 iude
288 2593 368 2652 ferae
391 2591 521 2670 pecudes
543 2590 709 2669 persultant
730 2591 836 2670 pabula
858 2590 934 2651 laeta
1121 2607 1146 2647 m

134 2689 174 2739 15
195 2687 226 2741 et
248 2680 367 2759 rapidos
389 2686 507 2740 tranant
529 2681 638 2739 amnis:
664 2682 704 2739 ita
727 2688 810 2759 capta
833 2678 933 2759 lepore
1121 2697 1147 2735 ιι

193 2777 225 2830 te
249 2771 383 2847 sequitur
405 2768 511 2846 cupide
535 2785 592 2845 quo
617 2786 763 2847 quamque
787 2769 928 2829 inducere
950 2771 1058 2847 pergis.
1121 2784 1146 2823 1e

195 2857 325 2936 denique
347 2874 401 2935 per
424 2859 516 2916 maria
539 2873 572 2915 ac
595 2858 705 2917 montis
728 2857 892 2935 fluviosque
915 2860 1030 2935 rapacis

194 2945 430 3023 frondiferasque
454 2944 556 3005 domos
579 2946 677 3004 avium
700 2963 877 3024 camposque
900 2948 1024 3006 virentis

194 3033 332 3094 omnibus
355 3035 502 3094 incutiens
525 3027 667 3093 blandum'
687 3051 741 3110 per
763 3040 883 3111 pectora
906 3052 1036 3095 amorem

135 3131 173 3202 20
194 3123 288 3182 efficis
312 3130 345 3182 ut
368 3121 474 3200 cupide
498 3122 662 3199 generatim
685 3119 780 3180 saecla
803 3129 973 3200 propagent.

194 3229 269 3289 quae
294 3212 433 3289 quoniam
456 3227 556 3269 rerum
579 3206 715 3281 naturam
738 3207 799 3268 sola
822 3208 968 3287 gubernas

192 3317 250 3360 nee
273 3300 337 3359 sine
360 3306 389 3358 te
414 3300 570 3377 quicquam
593 3297 658 3358 dias
681 3298 712 3357 in
736 3295 856 3357 luminis
880 3314 946 3358 oras

194 3390 327 3447 exoritur
349 3404 446 3466 neque
469 3387 502 3445 lit
524 3384 632 3446 laetum
655 3403 751 3463 neque
775 3384 898 3445 amabile
923 3387 1093 3466 quiequam,

192 3482 222 3535 te
247 3478 357 3536 sociam
380 3475 484 3535 studeo
508 3472 673 3534 scribendis
695 3473 831 3534 versibus
854 3490 934 3553 esse,

192 3584 378 3627 Lucumonem
392 3584 520 3633 Beleger.
918 3576 933 3624 1
