2484 3800
402 165 686 224 PROLEGOMENA.
984 165 1050 221 XIX

56 314 132 372 etiam
154 313 265 375 hiatum
288 315 337 374 rix
359 313 417 374 fert
439 316 471 375 iu
494 314 592 375 verbis
615 315 759 396 iambicis,
788 315 824 376 de
848 333 905 394 qua
927 333 960 387 re
983 315 1049 374 vido

56 419 118 478 quae
147 402 182 462 acl
209 402 246 463 VI
269 397 334 463 755
362 402 458 463 dicam
486 409 516 464 et
543 421 618 482 quae
644 406 709 483 ipse
737 404 823 464 docet
849 404 886 464 ad
912 398 1049 464 111941.

56 507 104 548 nou
118 493 225 558 ¹miuus
252 490 377 551 licenter
404 491 484 551 idern
515 499 610 552 mutat
640 491 714 552 illud
746 489 871 562 animae
896 488 1050 570 elemento,

57 577 121 655 quod
147 585 226 639 extat
253 578 293 638 lll
320 575 393 640 374.
445 579 498 640 sed
525 582 556 640 iu
587 582 765 640 contrariam
792 597 909 659 quoque
935 586 1050 659 partem

56 673 157 745 peccat,
187 685 255 728 cum
282 685 385 727 versus
413 667 620 728 immodulatos
650 668 751 747 quales
779 676 848 730 sunt
869 667 909 728 111
932 665 996 730 258
1020 675 1051 727 et

58 752 85 813 Vl
106 751 185 817 1057
217 773 333 816 summo
356 773 496 816 versuum
518 757 632 817 artifice
657 775 718 817 nou
739 757 876 834 indiguos
898 763 991 838 putat,
1013 756 1050 816 do

57 860 161 903 caesura
193 845 296 904 nescio
327 861 383 922 qua
411 846 489 904 inter
516 843 642 924 syllabas
667 845 912 925 colliquesceutes
940 845 1051 925 dicens,

58 947 130 1007 quom
152 931 264 992 nullam
283 949 349 992 esse
368 931 454 993 docet
471 932 541 993 Luc.
559 932 701 994 Mirllerus
720 933 756 993 de
775 951 808 994 re
826 939 910 992 metr.
928 951 957 1010 p.
977 929 1050 994 196.

129 1018 299 1080 Proximum
334 1027 379 1080 est
409 1027 443 1081 ut
474 1020 639 1102 videamus,
675 1020 745 1100 quid
777 1020 982 1080 bacbmauuus
1013 1019 1051 1080 de

57 1123 201 1168 sermone
222 1107 399 1169 Lucretiano
418 1112 575 1179 censuerit
610 1117 696 1170 vocat
711 1111 759 1170 vir
771 1109 936 1169 acutissimi
948 1107 1052 1168 iudicii

28 1231 29 1234 =
55 1193 213 1257 lucretium
236 1198 434 1257 castissimum
456 1196 609 1258 latinitatis
633 1205 797 1278 auctorem,
822 1198 871 1258 cui
892 1199 1051 1256 immanem

57 1283 250 1346 soloecismum
276 1283 478 1364 qaoodrc'pedes
503 1285 595 1364 qnasi
617 1284 684 1347 aiot
702 1287 842 1348 mactata
864 1285 1052 1364 impudenter

56 1371 256 1452 adscripserint
288 1376 479 1454 interpretes,
511 1375 548 1434 ad
575 1374 593 1434 l.
620 1374 658 1434 Vl
686 1371 763 1436 757:
794 1377 858 1453 ipse
887 1372 991 1434 scribit
1016 1371 1054 1453 fit

55 1458 192 1541 tumbe,
210 1461 287 1540 quod
310 1479 415 1521 vereor
436 1468 470 1523 ut
491 1461 615 1523 latinum
637 1464 683 1522 sit.
728 1463 816 1542 idem,
838 1480 876 1523 ne
899 1462 936 1522 ad
958 1457 1053 1523 nobes

56 1580 88 1590 -
106 1547 209 1612 decem
230 1547 268 1629 fit
286 1544 419 1612 nubebus
437 1583 479 1593 -
497 1553 662 1630 respiciens
680 1558 767 1630 poeta
785 1547 851 1611 loto
868 1557 899 1610 et
916 1552 1053 1612 abacto

56 1639 209 1719 scripserit,
237 1638 369 1698 eiusdem
398 1637 466 1698 libri
493 1657 536 1699 vv.
561 1635 626 1701 185
648 1657 691 1718 sq.
717 1637 853 1699 versibus
877 1635 1051 1700 189-193
1118 1667 1122 1677 ⁸

55 1725 228 1806 interpositis
242 1745 259 1786 a
272 1745 297 1786 v.
314 1722 377 1788 187
393 1733 522 1806 separat:
540 1728 571 1786 in
586 1726 694 1805 quibus
708 1725 920 1788 mutationibus
933 1735 1052 1806 praeter

55 1810 235 1894 Bernaysium
265 1831 352 1874 nemo
384 1832 453 1875 eum
477 1821 595 1875 secutus
618 1821 673 1875 est.
719 1815 790 1893 quid
813 1811 914 1875 enim?
953 1833 1051 1875 nonne

54 1898 229 1964 bacbmauno
247 1902 467 1963 Lacbmauuum
488 1920 647 1982 possumus
666 1922 824 1985 opponere,
847 1905 955 1983 quippe
975 1904 1052 1983 apud

56 2007 129 2067 qrem
163 1992 240 2052 haec
276 1994 386 2069 scripta
421 1998 520 2052 extent
550 1992 683 2052 eiusdem
715 1992 784 2053 libri
815 2010 859 2052 vv.
891 1988 957 2052 214
988 2010 1052 2071 sqq.

53 2074 157 2143 cubita
180 2074 273 2141 caeli:
296 2080 326 2140 et
346 2096 415 2140 cum
436 2080 542 2141 cerebra
564 2096 633 2143 eos
656 2127 698 2161 ..,
723 2080 776 2141 ubi
797 2079 942 2140 librorum
963 2080 1052 2140 fidem

55 2174 160 2228 secutus
182 2167 217 2227 id
235 2169 353 2248 retinet,
377 2167 456 2246 quod
474 2170 624 2229 inmanem
647 2168 856 2229 soloecismum
878 2168 978 2228 dicere
1002 2168 1052 2228 de-

53 2250 136 2336 bebat,
156 2258 183 2316 si
203 2254 260 2315 sibi
278 2262 414 2315 constare
428 2254 529 2316 vellet:
552 2255 588 2316 ad
607 2257 687 2316 idem
705 2274 798 2334 genus
817 2258 955 2335 pertinet,
974 2256 1052 2333 quod

53 2340 161 2407 utos
185 2360 223 2405 eo
245 2343 281 2403 ad
302 2340 398 2405 onom
416 2343 599 2422 -pluralis
622 2361 766 2405 uumerus
790 2349 836 2404 est
853 2376 898 2386 -
914 2344 1052 2424 retertur,

53 2430 80 2491 cl.
106 2433 183 2493 inira
211 2450 285 2511 quae
315 2431 449 2492 scribam.
498 2432 581 2491 rides
608 2434 700 2511 igitur
727 2439 865 2510 quattuor
886 2431 973 2510 locis,
999 2430 1054 2493 ubi

53 2520 143 2580 eadem
166 2538 217 2580 res
240 2527 270 2581 et
291 2521 427 2581 neutrius
451 2526 482 2580 et
504 2520 639 2581 feminini
659 2523 777 2600 generis
794 2518 936 2580 vocabulo
954 2519 1053 2599 appel-

52 2603 98 2667 lari
122 2610 232 2688 possit,
258 2607 430 2669 Lucretium
456 2610 487 2668 in
516 2626 591 2668 noro
621 2612 772 2670 enuntiato
798 2610 892 2687 priori
919 2606 1052 2669 subiecto

52 2695 80 2753 ad
106 2714 171 2757 eam
203 2714 267 2757 rem
298 2698 507 2775 respicientem
538 2704 644 2757 neutro
675 2700 733 2779 uti,
764 2696 816 2757 ubi
846 2700 1053 2775 grammaticae

52 2780 90 2841 lex
112 2785 301 2865 femininum,
324 2785 481 2866 feminino,
505 2784 558 2845 ubi
579 2792 720 2846 neutrum
742 2784 915 2864 postulabat
965 2785 1053 2865 paulo

52 2868 128 2932 aliter
152 2890 184 2933 se
206 2890 256 2933 res
278 2870 374 2953 babet,
399 2872 494 2934 sicubi
515 2870 563 2935 cei
584 2874 725 2935 vocabulo
747 2891 820 2934 usus
842 2876 884 2935 ita
905 2876 1003 2953 pergit
1020 2881 1054 2933 ut

51 2967 148 3019 neutro
171 2959 294 3039 pluralis
317 2964 435 3022 numeri
456 2969 570 3022 utatur:
594 2969 628 3023 ut
650 2968 695 3021 est
717 2957 792 3023 150
812 2980 855 3039 sq.
878 2978 927 3023 res
944 2960 1053 3041 omniq

117 3047 223 3110 codem
246 3056 276 3109 et
297 3047 334 3107 lv
357 3044 422 3109 344
445 3067 496 3130 sq,
520 3050 598 3129 quod
621 3048 714 3110 multo
737 3049 841 3110 durius
864 3056 911 3109 est
931 3056 1055 3128 propter

52 3135 277 3217 ambiguitatem,
307 3154 412 3199 rectam
438 3134 608 3199 sinculoero
631 3185 695 3219 ...,
725 3155 804 3216 quoe
829 3135 892 3197 cito
919 3140 994 3198 sunt
1018 3135 1054 3197 io

50 3216 119 3299 lotoe,
152 3242 220 3285 uam
251 3242 353 3285 rerum
384 3224 540 3287 simulacra
568 3228 688 3286 omuino
716 3229 773 3286 sita
799 3243 859 3285 nou
887 3232 969 3305 sunt,
1001 3224 1054 3283 sed

50 3310 179 3373 feruutur
210 3311 378 3375 incredibili
410 3313 567 3375 celeritate.
623 3332 693 3392 ergo
725 3313 797 3373 illud
828 3328 907 3390 quoe
936 3312 973 3371 ad
1005 3327 1054 3372 rea

50 3400 233 3461 referendum
256 3407 310 3461 est.
355 3418 476 3462 monere
498 3408 598 3463 tamen
619 3400 720 3483 velim,
747 3401 804 3461 boc
825 3402 923 3459 minus
946 3399 1054 3459 durum

50 3485 109 3549 lieri
136 3490 321 3569 pronominis
344 3487 459 3549 relativi
481 3496 598 3570 natura,
627 3508 700 3568 quae
723 3506 783 3549 nou
805 3504 928 3565 prorsus
951 3485 1053 3546 eadem

801 3584 842 3638 b*
