2484 3800
535 165 574 220 VI
919 104 929 123 ο
994 164 1055 230 177

55 320 111 373 205
123 312 239 374 devolet
260 314 291 373 in
314 319 424 372 terram
447 311 551 391 liquidi
574 312 655 374 color
678 332 784 375 aureus
807 315 897 395 ignis,
1017 333 1057 375 ros

124 403 237 463 semina
261 400 339 479 quod
362 401 456 462 nubes
479 403 559 479 ipsas
581 401 726 480 permulta
748 409 903 463 necessust

21 507 106 570 2:2⁰6
125 491 202 568 ignis
225 487 347 549 babere:
371 490 481 549 etenim
505 506 572 549 cum
595 498 664 550 sunt
686 508 789 551 umore
812 492 876 551 sine
898 489 972 571 ullo,

21 607 60 677 ιι

124 577 276 641 flammeus
300 584 346 637 est
367 576 541 655 plerumque
564 576 644 637 colos
668 585 698 638 et
720 577 890 657 splendidus
914 578 989 639 ollis.

125 667 234 745 quippe
257 666 366 725 etenim
390 664 461 724 solis
483 664 519 725 de
542 664 654 727 lumine
677 666 768 726 multa
790 674 942 728 necessest

54 760 111 813 210
126 755 295 834 concipere,
316 760 350 813 ut
372 754 477 813 merito
500 752 626 814 rubeant
648 756 789 833 ignesque
812 754 997 832 profundant.
1016 777 1056 818 aro

125 842 213 902 hasce
235 842 327 920 igitur
349 859 417 901 cum
439 848 543 901 ventus
566 859 655 921 agens
679 844 823 903 contrusit
845 844 876 901 in
899 859 991 903 unum

55 945 107 995 210
126 930 359 1008 compressitque
382 929 479 989 locum
502 947 622 1012 cogens,
646 948 785 1009 expressa
807 930 989 1009 profundunt

127 1019 251 1098 semina,
274 1034 348 1096 quae
371 1016 483 1077 iaciunt
505 1016 638 1079 flammae
660 1017 773 1097 ludgere
797 1017 918 1079 colores.

126 1105 218 1184 irriget
239 1107 324 1186 item,
347 1123 414 1166 cum
436 1113 590 1166 rarescunt
613 1125 729 1185 quoque
752 1105 852 1167 nubila
874 1105 957 1167 caeli

52 1201 112 1254 215
125 1212 193 1254 nam
217 1212 284 1254 cum
306 1200 410 1253 ventus
434 1211 483 1253 eas
506 1192 610 1254 leviter
632 1194 745 1255 diducit
767 1196 864 1255 euntis
1016 1215 1057 1257 aaa

126 1281 333 1362 dissoluitquc,
355 1281 460 1341 cadant
481 1282 605 1359 ingratis
627 1281 677 1342 illa
698 1290 850 1343 necessest

53 1387 108 1437 215
127 1372 239 1430 semina
262 1388 336 1448 quae
359 1370 471 1430 faciunt
492 1368 649 1447 fulgorem:
671 1377 735 1430 tum
758 1372 821 1431 sine
843 1376 938 1432 taetro

126 1466 240 1519 terrore
264 1465 294 1518 et
317 1460 415 1519 sonitu
437 1456 529 1536 fulget
550 1456 690 1537 nulloque
712 1458 848 1519 tumultu.

170 1544 254 1617 Quod
277 1552 425 1626 superest,
447 1542 534 1623 quali
555 1553 660 1606 natura
681 1547 814 1625 praedita
837 1554 972 1608 constent

51 1634 259 1714 220lulmina,
283 1632 432 1694 declarant
453 1635 515 1694 ictu
538 1636 603 1695 eius
625 1636 723 1696 inusta
745 1637 861 1713 vaporis
1017 1657 1057 1698 aro

21 1775 29 1797 ‚2
128 1724 223 1825 signa,
245 1727 390 1825 notaeque
413 1723 508 1799 gravis
530 1721 656 1783 balantis
679 1722 808 1801 sulpuris
831 1741 930 1783 auras:

52 1829 89 1877 2
73 1812 203 1889 “oignis
227 1811 305 1870 enim
328 1816 398 1870 sunt
418 1809 490 1870 haec
512 1828 572 1869 non
593 1812 674 1871 venti
697 1813 898 1891 signansque
920 1810 1033 1872 imbris.

126 1906 278 1978 praetcrea
302 1916 389 1977 saepe
412 1897 575 1959 accendunt
598 1918 714 2002 quoque
737 1907 814 1960 tecta
837 1899 990 1972 domorum

127 1995 157 2049 et
179 1986 269 2047 celeri
291 1987 407 2047 damma
429 1987 647 2048 dominantur
638 2006 669 2047 1n
692 1987 844 2048 aedibus
836 1991 917 2067 ipsis.

22 2075 204 2156 st25bunc
227 2075 282 2135 tibi
305 2073 442 2135 subtilem
464 2092 532 2134 cum
554 2076 659 2153 primis
681 2074 830 2153 ignibus
821 2093 921 2153 ignem
1018 2099 1057 2140 soa

127 2164 280 2224 constituit
301 2169 405 2223 natura
426 2163 549 2222 minutis
572 2161 788 2241 mobilibusque

49 2267 107 2318 aas
127 2250 313 2331 corporibus,
336 2251 385 2311 cui
407 2249 448 2309 nil
471 2251 589 2309 omnino
613 2248 758 2311 obsistere
780 2251 883 2330 possit

125 2339 234 2399 transit
255 2339 335 2398 enim
356 2336 484 2398 validum
505 2337 617 2398 fulmen
638 2357 693 2417 per
715 2345 797 2418 septa
820 2338 973 2399 domorum

126 2425 237 2487 clamor
257 2433 292 2487 ut
313 2445 347 2487 ac
368 2443 469 2507 voces,
490 2429 597 2486 transit
617 2445 673 2505 per
695 2445 777 2506 saxa,
799 2444 853 2505 per
875 2444 957 2506 acra,

44 2522 110 2574 230
126 2522 157 2575 et
179 2514 323 2592 liquidum
345 2521 455 2618 puncto
478 2515 548 2574 lacit
569 2533 619 2574 aes
642 2517 674 2574 in
692 2522 824 2593 tempore
843 2520 873 2574 et
890 2531 1058 2594 aurum,sso

126 2610 212 2663 curat
233 2605 304 2663 item
325 2605 362 2664 ut
381 2604 458 2664 vasis
480 2605 605 2681 integris
627 2605 694 2663 rina
716 2610 838 2681 repente

23 2709 106 2760 230
126 2690 293 2772 diffugiant,
315 2693 397 2771 quia,
419 2692 573 2771 nimirum,
594 2690 679 2750 facile
703 2693 800 2751 omnia
822 2692 934 2751 circum

126 2777 261 2839 conlaxat
282 2796 407 2858 rareque
430 2779 500 2840 lacit
522 2778 692 2839 lateramina
714 2781 792 2839 vasis

126 2866 285 2926 adveniens
309 2865 388 2927 calor
410 2869 487 2946 eius,
510 2873 540 2926 et
562 2868 759 2928 insinuatus
751 2885 782 2926 1n
804 2868 903 2946 ipsum

41 2962 109 3017 235
125 2953 275 3015 mobiliter
298 2953 416 3015 soluens
439 2955 537 3014 differt
558 2955 720 3034 primordia
741 2957 810 3015 vini
1018 2976 1058 3018 aas

48 3091 51 3098 ,
126 3042 206 3128 quod
230 3042 300 3103 solis
322 3061 412 3122 vapor
434 3050 559 3103 aetatem
581 3061 642 3103 non
663 3061 752 3122 posse
775 3043 891 3103 videtur

42 3147 105 3199 235
126 3131 245 3190 efficere
267 3149 361 3209 usquc
385 3130 456 3191 adeo
479 3129 593 3210 pollens
616 3132 731 3192 terrore
754 3149 885 3192 corusco.

125 3225 208 3278 tanto
231 3216 368 3279 mobilior
390 3220 434 3278 vis
457 3225 486 3278 et
509 3218 707 3280 dominantior
728 3220 800 3280 haec
824 3226 879 3280 cst.

171 3304 256 3366 Nunc
279 3325 313 3367 ea
335 3325 393 3385 quo
416 3313 501 3385 pacto
524 3309 682 3386 gignantur
704 3316 734 3368 et
755 3310 863 3387 impete
887 3315 968 3368 tanto

37 3394 195 3458 240fiant
217 3401 250 3455 ut
272 3397 388 3475 possint
409 3396 470 3456 ictu
493 3395 660 3458 discludere
682 3399 788 3479 turris,
1020 3418 1060 3458 reo

125 3481 295 3543 disturbare
318 3483 433 3566 domos,
457 3484 581 3546 avellere
604 3487 685 3566 tigna
706 3486 877 3566 trabesque,

60 3635 77 3662 f
106 3592 444 3645 Lucanorunodttrtogor.
816 3592 849 3641 12
