2484 3800
585 133 628 188 V'
1034 131 1096 194 147
1165 164 1171 173 ·

166 288 332 362 quantaque
355 288 493 360 quantast
514 280 583 341 hinc
605 279 691 340 nobis
714 279 846 340 rideatur
868 281 899 340 in
922 279 989 341 alto.

59 368 62 373 ’
167 378 317 449 postremo
341 387 543 449 quoscumque
566 368 649 429 vides
671 368 741 429 hinc
764 369 893 429 aetheris
916 370 1014 449 ignes,
1057 389 1098 431 aas

88 476 146 526 576
168 457 407 538 quandoquidem
434 474 638 537 quoscumque
666 458 810 516 interris
833 458 982 517 cernimus
1005 459 1098 537 ignes,

89 556 150 607 586
168 548 238 609 dum
260 553 373 607 tremor
395 545 572 626 celcleras,
595 544 666 605 dum
689 546 821 605 comitur
843 544 930 604 ardor
953 562 1070 626 eorum,

167 653 342 715 perparvom
364 634 504 713 quiddam
526 632 676 694 interdum
699 640 812 693 mutare
835 632 972 694 videntur

168 724 289 785 alteram
312 730 411 783 utram
432 724 464 782 in
486 728 601 801 partem
623 721 719 802 filum,
742 739 800 802 quo
823 720 938 799 longius
961 720 1081 803 absunt,

169 814 246 873 scire
268 810 339 872 licet
360 828 503 890 perquam
525 809 653 889 pauxillo
676 826 764 888 posse
786 812 917 869 minores
1057 831 1099 872 ssa

91 918 149 968 580
168 917 233 961 esse
256 899 303 960 vel
326 901 431 977 exigua
449 900 570 959 maioris
592 905 676 977 parte
698 897 848 975 brevique.
1058 918 1098 960 sos

92 997 150 1049 591
211 987 286 1049 lllnd
309 990 381 1047 item
403 1005 463 1047 non
486 993 532 1047 est
553 985 734 1067 mirandum,
757 1003 814 1064 qua
837 987 951 1046 ratione
1058 1007 1099 1049 ssu

143 1076 299 1137 ·tantulns
322 1074 371 1136 ille
394 1081 483 1155 queat
504 1081 619 1135 tantum
643 1074 687 1135 sol
708 1076 826 1134 mittere
850 1073 962 1154 lumen,

169 1164 248 1245 quod
270 1166 363 1225 maria
386 1182 419 1225 ao
442 1169 537 1223 terras
561 1164 657 1223 omnis
680 1162 851 1243 caelumque
874 1161 996 1241 rigando

169 1252 315 1332 compleat
337 1259 367 1312 et
389 1251 484 1313 calido
506 1250 666 1330 perfundat
688 1258 794 1311 cuncta
816 1268 931 1330 vapore.
1056 1273 1098 1314 sss

95 1360 150 1409 686
168 1360 236 1403 nam
259 1341 329 1402 licet
351 1340 420 1400 hinc
442 1339 546 1400 mundi
567 1339 746 1418 patefactum
768 1340 859 1400 totius
881 1357 974 1399 unum
1056 1361 1097 1402 sor

95 1440 153 1492 596
167 1430 334 1509 largifluum
357 1429 468 1489 iontem
491 1434 604 1488 scatere
628 1433 715 1506 atque
740 1445 895 1506 erumpere
918 1426 1032 1509 lumen,

168 1520 309 1581 exomni
331 1516 440 1577 mundo
463 1519 532 1595 qnia
555 1518 598 1576 sic
621 1514 767 1576 elementa
787 1517 905 1595 vaporis

168 1607 298 1686 undique
322 1606 500 1665 conveniunt
522 1611 552 1664 et
574 1606 617 1664 sic
641 1605 792 1664 coniectus
815 1622 918 1665 eorum
1057 1626 1098 1667 eoo

169 1696 303 1775 confluit,
326 1711 362 1754 ex
385 1710 444 1753 uno
468 1694 562 1772 capite
585 1692 634 1752 hic
656 1699 689 1753 ut
710 1692 838 1771 prolluat
860 1692 955 1753 ardor.

95 1802 151 1853 nso
168 1801 266 1846 nonne
289 1781 371 1841 vides
394 1783 483 1841 etiam
506 1799 593 1861 quam
615 1779 673 1840 late
696 1798 803 1860 parvus
826 1783 912 1859 aquai

96 1882 151 1935 601
165 1879 249 1954 prata
270 1872 347 1949 riget
369 1869 434 1930 lons
457 1869 607 1931 interdum
629 1870 798 1949 campisque
822 1865 987 1931 redundet?

169 1969 215 2023 est
237 1962 325 2022 etiam
348 1975 465 2038 quoque
488 1960 534 2018 uti
554 1975 615 2018 non
637 1975 743 2036 magno
766 1956 837 2018 solis
860 1958 895 2018 alr
918 1960 981 2036 igni

169 2055 237 2111 aere
258 2048 403 2127 percipiat
425 2045 527 2107 calidis
550 2045 715 2106 fervoribus
737 2044 838 2126 ardor,
1058 2068 1096 2108 eos

170 2143 352 2218 opportunus
375 2136 445 2195 itast
467 2137 493 2195 si
515 2135 590 2194 torte
613 2140 644 2193 et
666 2132 790 2194 idoneus
813 2137 877 2213 aer,

97 2244 151 2294 595
170 2234 204 2287 ut
225 2231 314 2305 queat
336 2222 458 2283 accendi
478 2224 577 2301 parvis
600 2220 755 2281 ardoribus
777 2223 868 2300 ictus3

97 2321 156 2374 666
169 2314 247 2394 quod
269 2329 363 2392 genus
384 2310 535 2371 interdum
558 2316 673 2388 segetes
696 2308 890 2388 stipulamque
913 2308 1046 2368 videmus

170 2402 303 2464 accidere
327 2418 363 2461 ex
384 2417 443 2460 una
467 2397 591 2459 scintilla
613 2396 750 2458 incendia
771 2398 890 2476 passim.

170 2492 293 2552 forsitan
316 2495 346 2549 et
367 2505 453 2548 rosea
476 2488 520 2546 sol
542 2486 599 2547 alte
622 2485 754 2565 lampade
777 2486 880 2546 lucens
1058 2506 1098 2546 ero

169 2577 319 2659 possideat
340 2575 465 2636 multum
489 2577 583 2636 caecis
606 2573 771 2634 lervorilrus
793 2576 893 2652 ignem

96 2687 151 2736 eoo
169 2670 282 2728 circum
305 2683 350 2746 sc,
372 2663 453 2725 nullo
476 2665 527 2742 qui
550 2665 589 2723 sit
611 2661 725 2741 fulgore
747 2668 879 2742 notatus,

97 2764 152 2838 611
169 2755 289 2817 aestifer
311 2760 345 2814 ut
366 2758 480 2812 tantum
503 2750 654 2811 radiorum
677 2757 818 2829 exaugeat
839 2751 939 2809 ictum.

213 2843 274 2903 Neo
297 2842 371 2902 ratio
396 2839 467 2901 solis
491 2838 615 2919 simplex
639 2845 669 2900 et
690 2845 770 2898 certa
792 2838 930 2917 patescit,

169 2949 227 3010 quo
249 2936 334 3010 pactu
357 2930 475 2989 aestivis
498 2946 515 2988 e
537 2927 671 3007 partibus
694 2926 876 3005 aegocerotis
1058 2946 1097 2987 crs

168 3018 310 3080 brumalis
334 3017 419 3079 adeat
440 3018 534 3077 flexus
557 3022 644 3094 etque
667 3013 736 3074 inde
760 3019 911 3074 revertens

96 3127 150 3178 666
168 3109 268 3169 cancri
291 3124 323 3167 se
346 3112 380 3166 ut
401 3111 495 3165 vertat
512 3111 605 3164 metas
629 3102 665 3162 ad
688 3100 865 3183 solstitialis,

96 3207 153 3256 616
166 3196 293 3274 lunaque
317 3192 468 3254 mensibus
491 3192 522 3253 id
544 3193 670 3270 spatium
693 3189 826 3251 rideatur
848 3188 944 3270 obire,

168 3302 264 3346 annua
287 3282 331 3342 sol
354 3284 386 3342 in
409 3298 467 3360 qno
490 3281 638 3341 consumit
659 3285 792 3358 tempora
814 3296 912 3339 cursu.

167 3391 240 3454 non,
263 3375 396 3451 inquam,
420 3368 544 3448 simplex
565 3367 613 3428 his
636 3364 726 3428 rebus
748 3366 862 3428 reddita
885 3371 1008 3427 causast.
1057 3385 1097 3425 cro

479 3453 571 3535 [596]
587 3485 629 3506 =
644 3452 717 3519 583.

832 3555 884 3610 10*
