2484 3800
180 142 242 209 186
657 140 698 195 Ἡ

247 290 345 349 omnia
368 306 442 367 quae
464 290 556 350 maria
579 308 613 349 ac
635 295 730 349 terras
753 294 952 366 sparguntque
975 288 1146 367 rigantque3

247 376 320 437 adde
344 394 412 437 suos
435 377 537 437 fontis:
559 383 659 437 tamen
681 376 718 437 ad
739 377 829 436 maris
852 378 950 435 omnia
972 392 1120 435 summam

247 466 340 543 guttai
361 466 409 524 vix
432 466 525 525 instar
547 471 635 525 erunt
655 466 745 524 unius
767 464 943 543 adaugmen3

178 568 229 618 666
249 569 306 630 quo
324 554 422 613 minus
441 559 487 613 est
503 554 612 613 mirum
631 570 711 612 mare
729 569 789 611 non
803 568 961 630 augescere
975 568 1126 629 magnum
1142 572 1182 613 ers

177 648 232 699 616
247 647 400 719 praeterea
421 658 556 719 magnam
579 640 623 701 sol
645 647 759 719 partem
781 639 909 699 detrahit
931 645 1024 699 aestu

248 730 356 807 quippe
378 728 512 789 videmus
534 731 614 789 enim
635 730 727 789 vestis
750 745 852 788 umore
874 726 1020 788 madentis

247 819 396 877 exsiccare
419 817 481 877 suis
503 816 594 877 radiis
617 815 780 877 ardentibu’
803 814 907 875 solem:

246 911 276 965 at
296 904 399 983 pelage
422 902 518 965 multa·
535 912 565 965 et
587 903 644 965 late
667 903 814 965 substrata
836 903 977 964 videmus.

176 1009 228 1058 540
246 992 370 1071 proinde
392 993 462 1053 licet
484 995 616 1071 quamvis
640 1011 676 1053 ex
697 1010 758 1053 uno
780 1010 897 1071 quoque
919 991 983 1051 loco
1007 990 1053 1051 sol
1143 1014 1183 1054 eso

105 1092 108 1099 ⁴
177 1087 232 1139 621
246 1082 358 1141 umoris
379 1098 497 1160 parvam
521 1080 631 1142 delibet
652 1081 688 1141 ab
710 1098 838 1159 aequore
860 1086 986 1159 partem:

246 1167 366 1247 largiter
388 1171 419 1228 in
441 1175 522 1229 tanto
546 1170 640 1248 spatio
663 1177 761 1229 tamen
784 1168 897 1229 auferet
918 1167 1015 1228 undis.

246 1262 308 1316 tum
331 1274 420 1336 porro
442 1259 524 1317 venti
546 1274 663 1335 quoque
685 1274 820 1335 magnam
842 1254 946 1316 tollere
967 1261 1085 1333 partem

247 1346 359 1404 umoris
380 1351 506 1423 possunt
527 1351 679 1405 verrentes
702 1363 841 1426 aequora,
862 1345 958 1405 ventis

175 1447 228 1497 646
246 1450 304 1493 una
326 1440 411 1493 nocte
433 1435 495 1493 vias
518 1435 656 1512 quoniam
677 1451 819 1512 persaepe
841 1432 975 1492 videmus
1142 1453 1184 1495 ess

176 1526 234 1577 666
245 1522 351 1581 siccari
373 1520 526 1599 mollisque
549 1521 605 1581 luti
627 1539 818 1583 concrescere
840 1528 964 1581 crustas.

245 1615 398 1686 praeterea
420 1608 508 1669 docui
530 1607 655 1670 multum
678 1628 793 1688 quoque
815 1608 920 1669 tollere
942 1606 1037 1667 nubes

246 1713 380 1756 umorem
402 1714 506 1774 magno
530 1704 704 1776 conceptum
726 1715 762 1757 ex
785 1715 913 1776 aequore
934 1698 1031 1777 ponti,

247 1790 276 1843 et
298 1786 408 1861 passim
430 1792 491 1844 tcto
513 1792 660 1846 terrarum
683 1803 822 1865 spargere
844 1788 876 1845 in
899 1783 976 1864 orbi,

176 1886 228 1937 660
247 1890 313 1932 cum
336 1870 411 1950 pluit
432 1874 464 1932 in
486 1875 576 1935 terris
599 1881 629 1934 et
651 1876 731 1934 venti
753 1872 853 1935 nubila
874 1878 1000 1953 portant
1143 1896 1184 1937 sse

177 1967 229 2017 631
244 1967 393 2039 postremo
417 1963 555 2040 quoniam
576 1980 644 2022 raro
667 1981 735 2024 cum
758 1981 881 2041 corpore
903 1961 990 2022 tellus

246 2055 304 2128 est,
327 2055 357 2108 et
379 2051 563 2111 coniunctast
585 2053 647 2110 oris
669 2053 773 2131 maris,
795 2051 926 2129 undique
949 2051 1088 2131 cingens,

246 2136 346 2216 debet,
368 2139 455 2197 utin
476 2155 557 2198 mare
581 2137 617 2197 de
640 2141 729 2198 terris
750 2141 831 2199 venit
853 2156 940 2200 umor
960 2140 1061 2218 aquai,

245 2226 277 2285 in
299 2232 394 2285 terras
417 2225 519 2286 itidem
541 2243 660 2286 manare
684 2244 720 2287 ex
743 2244 870 2306 aequore
893 2226 983 2287 salso:

175 2327 226 2377 666
244 2311 411 2391 percolatur
433 2315 513 2373 enim
534 2315 630 2394 virus,
652 2322 791 2393 retroque
813 2322 946 2375 remanat
1056 2365 1065 2380 .
1144 2341 1186 2383 66

175 2405 231 2484 666
246 2402 384 2460 materies
407 2403 518 2461 umoris
541 2408 571 2461 et
593 2401 630 2461 ad
652 2409 740 2480 caput
760 2402 896 2463 amnibus
920 2405 1016 2464 omnis

245 2488 380 2569 confluit,
403 2488 471 2549 inde
494 2507 584 2568 super
606 2497 701 2549 terras
724 2490 801 2550 redit
822 2493 938 2570 agmine
961 2491 1041 2552 dulci

245 2595 303 2654 qua
324 2578 371 2635 via
394 2583 474 2636 secta
496 2576 588 2637 semel
610 2576 722 2655 liquido
744 2578 820 2657 pede
842 2578 947 2640 detulit
967 2579 1072 2641 undas
1145 2607 1187 2647 ese

174 2668 229 2721 636
288 2663 373 2724 Ν666
396 2682 462 2744 age,
485 2682 559 2743 quae
581 2667 658 2725 ratio
680 2668 772 2726 terrai
794 2665 922 2726 motibus
944 2674 1025 2727 extet
1145 2695 1188 2736 5⁸5

174 2766 226 2816 666
243 2753 373 2831 percipe.
410 2758 440 2812 et
462 2754 493 2812 in
514 2753 619 2831 primis
641 2759 751 2812 terram
773 2754 819 2814 lac
841 2761 874 2814 66
897 2772 963 2815 6666
985 2759 1083 2818 rearis

244 2845 347 2918 supter
369 2841 441 2900 item
463 2847 497 2899 ut
519 2857 626 2918 supera
647 2843 777 2902 ventosis
799 2842 929 2920 undique
951 2842 1071 2921 plenam

244 2926 406 3007 speluncis,
428 2926 594 3005 multosque
617 2926 708 2997 lacus,
720 2928 885 3008 multasque
907 2929 1026 2991 lacunas

243 3017 274 3073 in
298 3016 410 3092 gremio
434 3032 536 3092 gerere
560 3021 590 3074 et
611 3033 702 3093 rupes
725 3015 905 3096 deruptaque
928 3035 1009 3078 saxa:

173 3107 228 3159 540
243 3101 392 3178 multaque
416 3100 471 3161 sub
493 3109 576 3180 tergo
598 3105 690 3162 terrai
711 3103 832 3164 flumina
854 3112 930 3166 tecta
1147 3135 1189 3174 sco

173 3203 224 3253 666
242 3187 359 3246 volvere
382 3189 411 3246 vi
433 3187 540 3248 fluctus
563 3207 784 3270 summersaquc
807 3211 875 3253 saxa
897 3192 1107 3272 putandumst:

243 3272 373 3350 undique
397 3276 476 3333 enim
499 3275 625 3352 similem
648 3295 713 3338 esse
737 3281 785 3340 sui
806 3298 855 3340 res
877 3280 1005 3359 postulat
1027 3284 1107 3361 ipsa.

242 3359 289 3418 his
312 3360 403 3435 igitur
424 3359 514 3421 rebus
537 3361 701 3426 subiunctis
725 3369 944 3447 suppositisque

242 3453 322 3505 terra
345 3462 472 3523 superne
494 3452 594 3508 tremit
616 3454 730 3530 magnis
753 3472 894 3515 concussa
916 3457 1026 3538 ruinis,
