<?xml version="1.0" encoding="UTF-8"?>
<!DOCTYPE html PUBLIC "-//W3C//DTD XHTML 1.0 Transitional//EN"
    "http://www.w3.org/TR/xhtml1/DTD/xhtml1-transitional.dtd">
<html xmlns="http://www.w3.org/1999/xhtml" xml:lang="en" lang="en">
 <head>
  <title>
</title>
<meta http-equiv="Content-Type" content="text/html;charset=utf-8" />
  <meta name='ocr-system' content='tesseract 3.04.00' />
  <meta name='ocr-capabilities' content='ocr_page ocr_carea ocr_par ocr_line ocrx_word'/>
</head>
<body>
  <div class='ocr_page' id='page_1' title='image "./dererumnaturali00briegoog_0040.png"; bbox 0 0 2484 3800; ppageno 0'>
   <div class='ocr_carea' id='block_1_1' title="bbox 165 118 808 176">
    <p class='ocr_par' dir='ltr' id='par_1_1' title="bbox 165 118 808 176">
     <span class='ocr_line' id='line_1_1' title="bbox 165 118 808 176; baseline 0.003 -2"><span class='ocrx_word' id='word_1_1' title='bbox 165 119 280 174; x_wconf 86' lang='lat' dir='ltr'>XXXIV</span> <span class='ocrx_word' id='word_1_2' title='bbox 525 118 808 176; x_wconf 80' lang='lat' dir='ltr'><strong>PROLEGOMENA.</strong></span> 
     </span>
    </p>
   </div>
   <div class='ocr_carea' id='block_1_2' title="bbox 165 266 1176 1669">
    <p class='ocr_par' dir='ltr' id='par_1_2' title="bbox 165 266 1176 1669">
     <span class='ocr_line' id='line_1_2' title="bbox 166 266 1176 347; baseline -0.001 -20"><span class='ocrx_word' id='word_1_3' title='bbox 166 274 215 327; x_wconf 89' lang='lat' dir='ltr'><strong>aut</strong></span> <span class='ocrx_word' id='word_1_4' title='bbox 236 266 442 344; x_wconf 82' lang='lat' dir='ltr'><strong>Bernaysianis</strong></span> <span class='ocrx_word' id='word_1_5' title='bbox 466 268 612 344; x_wconf 88' lang='lat' dir='ltr'><strong>signatum</strong></span> <span class='ocrx_word' id='word_1_6' title='bbox 635 268 805 346; x_wconf 89' lang='lat' dir='ltr'><strong>invenisset,</strong></span> <span class='ocrx_word' id='word_1_7' title='bbox 829 267 878 327; x_wconf 93' lang='lat' dir='ltr'><strong>bic</strong></span> <span class='ocrx_word' id='word_1_8' title='bbox 901 273 1067 347; x_wconf 87' lang='lat' dir='ltr'><strong>quaereret,</strong></span> <span class='ocrx_word' id='word_1_9' title='bbox 1089 266 1176 326; x_wconf 89' lang='lat' dir='ltr'><strong>nullo</strong></span> 
     </span>
     <span class='ocr_line' id='line_1_3' title="bbox 166 354 1176 433; baseline -0.001 -18"><span class='ocrx_word' id='word_1_10' title='bbox 166 357 283 433; x_wconf 87' lang='lat' dir='ltr'><strong>negotio</strong></span> <span class='ocrx_word' id='word_1_11' title='bbox 320 356 452 432; x_wconf 88' lang='lat' dir='ltr'><strong>reperire</strong></span> <span class='ocrx_word' id='word_1_12' title='bbox 488 361 596 432; x_wconf 89' lang='lat' dir='ltr'><strong>posset.</strong></span> <span class='ocrx_word' id='word_1_13' title='bbox 652 373 720 414; x_wconf 91' lang='lat' dir='ltr'><strong>cum</strong></span> <span class='ocrx_word' id='word_1_14' title='bbox 756 357 846 433; x_wconf 86' lang='lat' dir='ltr'><strong>igitur</strong></span> <span class='ocrx_word' id='word_1_15' title='bbox 877 354 1082 417; x_wconf 88' lang='lat' dir='ltr'><strong>Lachmannus</strong></span> <span class='ocrx_word' id='word_1_16' title='bbox 1117 373 1176 414; x_wconf 89' lang='lat' dir='ltr'><strong>eos</strong></span> 
     </span>
     <span class='ocr_line' id='line_1_4' title="bbox 165 442 1175 523; baseline 0 -20"><span class='ocrx_word' id='word_1_17' title='bbox 165 460 318 523; x_wconf 88' lang='lat' dir='ltr'><strong>numeros,</strong></span> <span class='ocrx_word' id='word_1_18' title='bbox 352 460 477 520; x_wconf 89' lang='lat' dir='ltr'><strong>quorum</strong></span> <span class='ocrx_word' id='word_1_19' title='bbox 509 442 611 501; x_wconf 87' lang='lat' dir='ltr'><strong>ordine</strong></span> <span class='ocrx_word' id='word_1_20' title='bbox 644 444 675 502; x_wconf 90' lang='lat' dir='ltr'><strong>in</strong></span> <span class='ocrx_word' id='word_1_21' title='bbox 702 442 897 504; x_wconf 75' lang='lat' dir='ltr'><strong>leidensibus</strong></span> <span class='ocrx_word' id='word_1_22' title='bbox 929 461 1033 503; x_wconf 83' lang='lat' dir='ltr'><strong>versus</strong></span> <span class='ocrx_word' id='word_1_23' title='bbox 1061 449 1175 523; x_wconf 78' lang='lat' dir='ltr'><strong>extant,</strong></span> 
     </span>
     <span class='ocr_line' id='line_1_5' title="bbox 166 530 1175 611; baseline -0.001 -20"><span class='ocrx_word' id='word_1_24' title='bbox 166 534 254 591; x_wconf 89' lang='lat' dir='ltr'><strong>etiam</strong></span> <span class='ocrx_word' id='word_1_25' title='bbox 281 533 313 590; x_wconf 92' lang='lat' dir='ltr'><strong>in</strong></span> <span class='ocrx_word' id='word_1_26' title='bbox 339 548 478 590; x_wconf 89' lang='lat' dir='ltr'><strong>versuum</strong></span> <span class='ocrx_word' id='word_1_27' title='bbox 499 530 781 608; x_wconf 77' lang='lat' dir='ltr'><strong>transpositionibus</strong></span> <span class='ocrx_word' id='word_1_28' title='bbox 810 538 1024 611; x_wconf 83' lang='lat' dir='ltr'><strong>conservasset,</strong></span> <span class='ocrx_word' id='word_1_29' title='bbox 1052 549 1087 591; x_wconf 88' lang='lat' dir='ltr'><strong>eo</strong></span> <span class='ocrx_word' id='word_1_30' title='bbox 1111 550 1175 610; x_wconf 91' lang='lat' dir='ltr'><strong>quo</strong></span> 
     </span>
     <span class='ocr_line' id='line_1_6' title="bbox 165 617 1173 697; baseline 0 -19"><span class='ocrx_word' id='word_1_31' title='bbox 165 621 197 679; x_wconf 95' lang='lat' dir='ltr'><strong>in</strong></span> <span class='ocrx_word' id='word_1_32' title='bbox 225 637 278 679; x_wconf 90' lang='lat' dir='ltr'><strong>suo</strong></span> <span class='ocrx_word' id='word_1_33' title='bbox 306 617 465 697; x_wconf 90' lang='lat' dir='ltr'><strong>exemplari</strong></span> <span class='ocrx_word' id='word_1_34' title='bbox 492 635 595 678; x_wconf 88' lang='lat' dir='ltr'><strong>versus</strong></span> <span class='ocrx_word' id='word_1_35' title='bbox 624 636 655 678; x_wconf 93' lang='lat' dir='ltr'><strong>se</strong></span> <span class='ocrx_word' id='word_1_36' title='bbox 683 621 853 697; x_wconf 78' lang='lat' dir='ltr'><strong>exciperent</strong></span> <span class='ocrx_word' id='word_1_37' title='bbox 880 620 983 679; x_wconf 87' lang='lat' dir='ltr'><strong>ordine</strong></span> <span class='ocrx_word' id='word_1_38' title='bbox 1010 637 1070 678; x_wconf 91' lang='lat' dir='ltr'><strong>non</strong></span> <span class='ocrx_word' id='word_1_39' title='bbox 1093 619 1173 679; x_wconf 91' lang='lat' dir='ltr'><strong>indi-</strong></span> 
     </span>
     <span class='ocr_line' id='line_1_7' title="bbox 166 705 1174 788; baseline 0 -21"><span class='ocrx_word' id='word_1_40' title='bbox 166 713 239 786; x_wconf 90' lang='lat' dir='ltr'><strong>cato,</strong></span> <span class='ocrx_word' id='word_1_41' title='bbox 263 714 292 767; x_wconf 88' lang='lat' dir='ltr'><strong>et</strong></span> <span class='ocrx_word' id='word_1_42' title='bbox 312 706 488 785; x_wconf 83' lang='lat' dir='ltr'><strong>Bernaysius</strong></span> <span class='ocrx_word' id='word_1_43' title='bbox 511 705 675 766; x_wconf 79' lang='lat' dir='ltr'><strong>naturalem</strong></span> <span class='ocrx_word' id='word_1_44' title='bbox 693 725 831 767; x_wconf 84' lang='lat' dir='ltr'><strong>versuum</strong></span> <span class='ocrx_word' id='word_1_45' title='bbox 850 707 983 767; x_wconf 89' lang='lat' dir='ltr'><strong>ordinem</strong></span> <span class='ocrx_word' id='word_1_46' title='bbox 1001 708 1174 788; x_wconf 82' lang='lat' dir='ltr'><strong>indicasset,</strong></span> 
     </span>
     <span class='ocr_line' id='line_1_8' title="bbox 166 796 1173 874; baseline 0.001 -20"><span class='ocrx_word' id='word_1_47' title='bbox 166 813 269 856; x_wconf 82' lang='lat' dir='ltr'><strong>versus</strong></span> <span class='ocrx_word' id='word_1_48' title='bbox 293 796 444 855; x_wconf 89' lang='lat' dir='ltr'><strong>damnatos</strong></span> <span class='ocrx_word' id='word_1_49' title='bbox 467 801 582 854; x_wconf 90' lang='lat' dir='ltr'><strong>tantum</strong></span> <span class='ocrx_word' id='word_1_50' title='bbox 604 813 664 854; x_wconf 90' lang='lat' dir='ltr'><strong>non</strong></span> <span class='ocrx_word' id='word_1_51' title='bbox 683 813 800 874; x_wconf 90' lang='lat' dir='ltr'><strong>semper</strong></span> <span class='ocrx_word' id='word_1_52' title='bbox 819 797 849 855; x_wconf 95' lang='lat' dir='ltr'><strong>in</strong></span> <span class='ocrx_word' id='word_1_53' title='bbox 867 802 950 856; x_wconf 88' lang='lat' dir='ltr'><strong>textu</strong></span> <span class='ocrx_word' id='word_1_54' title='bbox 968 796 1106 856; x_wconf 90' lang='lat' dir='ltr'><strong>cancellis</strong></span> <span class='ocrx_word' id='word_1_55' title='bbox 1124 799 1173 855; x_wconf 93' lang='lat' dir='ltr'><strong>in-</strong></span> 
     </span>
     <span class='ocr_line' id='line_1_9' title="bbox 166 882 1174 964; baseline 0 -21"><span class='ocrx_word' id='word_1_56' title='bbox 166 882 297 964; x_wconf 87' lang='lat' dir='ltr'><strong>cludens,</strong></span> <span class='ocrx_word' id='word_1_57' title='bbox 321 901 375 961; x_wconf 87' lang='lat' dir='ltr'><strong>ego</strong></span> <span class='ocrx_word' id='word_1_58' title='bbox 399 900 450 942; x_wconf 89' lang='lat' dir='ltr'><strong>eos</strong></span> <span class='ocrx_word' id='word_1_59' title='bbox 473 889 585 942; x_wconf 88' lang='lat' dir='ltr'><strong>tantum</strong></span> <span class='ocrx_word' id='word_1_60' title='bbox 608 901 712 943; x_wconf 86' lang='lat' dir='ltr'><strong>versus</strong></span> <span class='ocrx_word' id='word_1_61' title='bbox 734 886 895 963; x_wconf 84' lang='lat' dir='ltr'><strong>numeravi,</strong></span> <span class='ocrx_word' id='word_1_62' title='bbox 918 886 970 962; x_wconf 89' lang='lat' dir='ltr'><strong>qui</strong></span> <span class='ocrx_word' id='word_1_63' title='bbox 992 891 1025 944; x_wconf 95' lang='lat' dir='ltr'><strong>ut</strong></span> <span class='ocrx_word' id='word_1_64' title='bbox 1047 883 1174 963; x_wconf 93' lang='lat' dir='ltr'><strong>abipso</strong></span> 
     </span>
     <span class='ocr_line' id='line_1_10' title="bbox 165 970 1174 1051; baseline 0.002 -21"><span class='ocrx_word' id='word_1_65' title='bbox 165 978 252 1051; x_wconf 86' lang='lat' dir='ltr'><strong>poeta</strong></span> <span class='ocrx_word' id='word_1_66' title='bbox 272 973 374 1050; x_wconf 91' lang='lat' dir='ltr'><strong>scripti</strong></span> <span class='ocrx_word' id='word_1_67' title='bbox 396 973 428 1031; x_wconf 93' lang='lat' dir='ltr'><strong>in</strong></span> <span class='ocrx_word' id='word_1_68' title='bbox 446 970 501 1030; x_wconf 92' lang='lat' dir='ltr'><strong>boc</strong></span> <span class='ocrx_word' id='word_1_69' title='bbox 520 978 604 1031; x_wconf 89' lang='lat' dir='ltr'><strong>textu</strong></span> <span class='ocrx_word' id='word_1_70' title='bbox 621 970 767 1051; x_wconf 87' lang='lat' dir='ltr'><strong>leguntur,</strong></span> <span class='ocrx_word' id='word_1_71' title='bbox 791 974 850 1032; x_wconf 88' lang='lat' dir='ltr'><strong>nisi</strong></span> <span class='ocrx_word' id='word_1_72' title='bbox 868 972 945 1050; x_wconf 90' lang='lat' dir='ltr'><strong>quod</strong></span> <span class='ocrx_word' id='word_1_73' title='bbox 965 990 1019 1051; x_wconf 90' lang='lat' dir='ltr'><strong>per</strong></span> <span class='ocrx_word' id='word_1_74' title='bbox 1036 990 1174 1032; x_wconf 88' lang='lat' dir='ltr'><strong>errorem</strong></span> 
     </span>
     <span class='ocr_line' id='line_1_11' title="bbox 165 1058 1173 1138; baseline 0.001 -19"><span class='ocrx_word' id='word_1_75' title='bbox 165 1079 191 1120; x_wconf 88' lang='lat' dir='ltr'><strong>v.</strong></span> <span class='ocrx_word' id='word_1_76' title='bbox 204 1060 218 1120; x_wconf 95' lang='lat' dir='ltr'><strong>l</strong></span> <span class='ocrx_word' id='word_1_77' title='bbox 229 1058 292 1123; x_wconf 80' lang='grc'><strong>768</strong></span> <span class='ocrx_word' id='word_1_78' title='bbox 302 1058 364 1118; x_wconf 91' lang='lat' dir='ltr'><strong>Lm.</strong></span> <span class='ocrx_word' id='word_1_79' title='bbox 374 1061 534 1119; x_wconf 89' lang='lat' dir='ltr'><strong>numeravi.</strong></span> <span class='ocrx_word' id='word_1_80' title='bbox 555 1077 658 1119; x_wconf 88' lang='lat' dir='ltr'><strong>eorum</strong></span> <span class='ocrx_word' id='word_1_81' title='bbox 669 1078 742 1138; x_wconf 90' lang='lat' dir='ltr'><strong>quos</strong></span> <span class='ocrx_word' id='word_1_82' title='bbox 753 1068 785 1119; x_wconf 89' lang='lat' dir='ltr'><strong>ut</strong></span> <span class='ocrx_word' id='word_1_83' title='bbox 795 1061 936 1120; x_wconf 86' lang='lat' dir='ltr'><strong>insititios</strong></span> <span class='ocrx_word' id='word_1_84' title='bbox 946 1061 1033 1120; x_wconf 94' lang='lat' dir='ltr'><strong>omisi</strong></span> <span class='ocrx_word' id='word_1_85' title='bbox 1042 1061 1173 1120; x_wconf 89' lang='lat' dir='ltr'><strong>indicavi</strong></span> 
     </span>
     <span class='ocr_line' id='line_1_12' title="bbox 165 1147 1173 1228; baseline -0.001 -20"><span class='ocrx_word' id='word_1_86' title='bbox 165 1166 314 1228; x_wconf 88' lang='lat' dir='ltr'><strong>numeros,</strong></span> <span class='ocrx_word' id='word_1_87' title='bbox 336 1147 587 1207; x_wconf 87' lang='lat' dir='ltr'><strong>Lachmannianos</strong></span> <span class='ocrx_word' id='word_1_88' title='bbox 610 1147 755 1227; x_wconf 88' lang='lat' dir='ltr'><strong>videlicet,</strong></span> <span class='ocrx_word' id='word_1_89' title='bbox 778 1150 809 1207; x_wconf 91' lang='lat' dir='ltr'><strong>in</strong></span> <span class='ocrx_word' id='word_1_90' title='bbox 832 1148 931 1207; x_wconf 85' lang='lat' dir='ltr'><strong>infima</strong></span> <span class='ocrx_word' id='word_1_91' title='bbox 949 1150 1067 1227; x_wconf 78' lang='lat' dir='ltr'><strong>pagina:</strong></span> <span class='ocrx_word' id='word_1_92' title='bbox 1091 1149 1173 1227; x_wconf 88' lang='lat' dir='ltr'><strong>quod</strong></span> 
     </span>
     <span class='ocr_line' id='line_1_13' title="bbox 166 1234 1173 1314; baseline -0.001 -17"><span class='ocrx_word' id='word_1_93' title='bbox 166 1255 230 1297; x_wconf 88' lang='lat' dir='ltr'><strong>eam</strong></span> <span class='ocrx_word' id='word_1_94' title='bbox 254 1234 292 1295; x_wconf 94' lang='lat' dir='ltr'><strong>ob</strong></span> <span class='ocrx_word' id='word_1_95' title='bbox 315 1254 432 1296; x_wconf 90' lang='lat' dir='ltr'><strong>causam</strong></span> <span class='ocrx_word' id='word_1_96' title='bbox 455 1235 521 1314; x_wconf 86' lang='lat' dir='ltr'><strong>leci,</strong></span> <span class='ocrx_word' id='word_1_97' title='bbox 543 1253 580 1294; x_wconf 88' lang='lat' dir='ltr'><strong>ue</strong></span> <span class='ocrx_word' id='word_1_98' title='bbox 604 1237 743 1295; x_wconf 81' lang='lat' dir='ltr'><strong>carminis</strong></span> <span class='ocrx_word' id='word_1_99' title='bbox 766 1238 987 1296; x_wconf 86' lang='lat' dir='ltr'><strong>continuitatem</strong></span> <span class='ocrx_word' id='word_1_100' title='bbox 1011 1238 1173 1296; x_wconf 88' lang='lat' dir='ltr'><strong>interrum-</strong></span> 
     </span>
     <span class='ocr_line' id='line_1_14' title="bbox 166 1323 1173 1403; baseline 0 -19"><span class='ocrx_word' id='word_1_101' title='bbox 166 1332 269 1403; x_wconf 90' lang='lat' dir='ltr'><strong>pentes</strong></span> <span class='ocrx_word' id='word_1_102' title='bbox 283 1323 448 1384; x_wconf 89' lang='lat' dir='ltr'><strong>molestiam</strong></span> <span class='ocrx_word' id='word_1_103' title='bbox 462 1323 609 1382; x_wconf 87' lang='lat' dir='ltr'><strong>allerrent.</strong></span> <span class='ocrx_word' id='word_1_104' title='bbox 640 1324 802 1400; x_wconf 88' lang='lat' dir='ltr'><strong>significavi</strong></span> <span class='ocrx_word' id='word_1_105' title='bbox 815 1330 912 1384; x_wconf 92' lang='lat' dir='ltr'><strong>autem</strong></span> <span class='ocrx_word' id='word_1_106' title='bbox 927 1331 1081 1384; x_wconf 88' lang='lat' dir='ltr'><strong>curreutes</strong></span> <span class='ocrx_word' id='word_1_107' title='bbox 1095 1342 1173 1402; x_wconf 89' lang='lat' dir='ltr'><strong>quos</strong></span> 
     </span>
     <span class='ocr_line' id='line_1_15' title="bbox 166 1410 1172 1472; baseline 0.001 -1"><span class='ocrx_word' id='word_1_108' title='bbox 166 1413 268 1472; x_wconf 90' lang='lat' dir='ltr'><strong>dicunt</strong></span> <span class='ocrx_word' id='word_1_109' title='bbox 290 1410 378 1470; x_wconf 92' lang='lat' dir='ltr'><strong>buius</strong></span> <span class='ocrx_word' id='word_1_110' title='bbox 397 1411 535 1470; x_wconf 85' lang='lat' dir='ltr'><strong>editionis</strong></span> <span class='ocrx_word' id='word_1_111' title='bbox 554 1428 693 1471; x_wconf 84' lang='lat' dir='ltr'><strong>versuum</strong></span> <span class='ocrx_word' id='word_1_112' title='bbox 710 1429 850 1471; x_wconf 89' lang='lat' dir='ltr'><strong>numeros</strong></span> <span class='ocrx_word' id='word_1_113' title='bbox 868 1411 1013 1472; x_wconf 88' lang='lat' dir='ltr'><strong>stantibus</strong></span> <span class='ocrx_word' id='word_1_114' title='bbox 1029 1430 1172 1472; x_wconf 89' lang='lat' dir='ltr'><strong>numero-</strong></span> 
     </span>
     <span class='ocr_line' id='line_1_16' title="bbox 166 1500 1172 1578; baseline 0.001 -18"><span class='ocrx_word' id='word_1_115' title='bbox 166 1518 232 1560; x_wconf 89' lang='lat' dir='ltr'><strong>rum</strong></span> <span class='ocrx_word' id='word_1_116' title='bbox 266 1501 358 1576; x_wconf 90' lang='lat' dir='ltr'><strong>signis</strong></span> <span class='ocrx_word' id='word_1_117' title='bbox 384 1501 416 1557; x_wconf 90' lang='lat' dir='ltr'><strong>in</strong></span> <span class='ocrx_word' id='word_1_118' title='bbox 445 1500 564 1558; x_wconf 88' lang='lat' dir='ltr'><strong>sinistro</strong></span> <span class='ocrx_word' id='word_1_119' title='bbox 592 1500 724 1576; x_wconf 80' lang='lat' dir='ltr'><strong>margine</strong></span> <span class='ocrx_word' id='word_1_120' title='bbox 752 1501 885 1578; x_wconf 89' lang='lat' dir='ltr'><strong>appictis.</strong></span> <span class='ocrx_word' id='word_1_121' title='bbox 936 1502 987 1578; x_wconf 90' lang='lat' dir='ltr'><strong>qui</strong></span> <span class='ocrx_word' id='word_1_122' title='bbox 1014 1509 1172 1561; x_wconf 88' lang='lat' dir='ltr'><strong>currentes</strong></span> 
     </span>
     <span class='ocr_line' id='line_1_17' title="bbox 166 1585 1172 1669; baseline 0.001 -22"><span class='ocrx_word' id='word_1_123' title='bbox 166 1590 283 1648; x_wconf 88' lang='lat' dir='ltr'><strong>numeri</strong></span> <span class='ocrx_word' id='word_1_124' title='bbox 300 1586 352 1646; x_wconf 92' lang='lat' dir='ltr'><strong>ubi</strong></span> <span class='ocrx_word' id='word_1_125' title='bbox 369 1586 463 1646; x_wconf 81' lang='lat' dir='ltr'><strong>cidem</strong></span> <span class='ocrx_word' id='word_1_126' title='bbox 479 1592 547 1646; x_wconf 91' lang='lat' dir='ltr'><strong>sunt</strong></span> <span class='ocrx_word' id='word_1_127' title='bbox 562 1588 613 1664; x_wconf 89' lang='lat' dir='ltr'><strong>qui</strong></span> <span class='ocrx_word' id='word_1_128' title='bbox 626 1585 820 1668; x_wconf 74' lang='lat' dir='ltr'><strong>Bernaysiani</strong></span> <span class='ocrx_word' id='word_1_129' title='bbox 831 1595 917 1666; x_wconf 88' lang='lat' dir='ltr'><strong>atque</strong></span> <span class='ocrx_word' id='word_1_130' title='bbox 931 1587 1172 1669; x_wconf 87' lang='lat' dir='ltr'><strong>Lachmanniani‚</strong></span> 
     </span>
    </p>
   </div>
   <div class='ocr_carea' id='block_1_3' title="bbox 167 1673 1232 1756">
    <p class='ocr_par' dir='ltr' id='par_1_3' title="bbox 167 1673 1232 1756">
     <span class='ocr_line' id='line_1_18' title="bbox 167 1673 1232 1756; baseline 0.002 -21"><span class='ocrx_word' id='word_1_131' title='bbox 167 1676 222 1736; x_wconf 91' lang='lat' dir='ltr'><strong>soli</strong></span> <span class='ocrx_word' id='word_1_132' title='bbox 240 1676 386 1754; x_wconf 86' lang='lat' dir='ltr'><strong>leguntur.</strong></span> <span class='ocrx_word' id='word_1_133' title='bbox 418 1673 470 1734; x_wconf 93' lang='lat' dir='ltr'><strong>ubi</strong></span> <span class='ocrx_word' id='word_1_134' title='bbox 486 1691 556 1734; x_wconf 87' lang='lat' dir='ltr'><strong>vero</strong></span> <span class='ocrx_word' id='word_1_135' title='bbox 575 1681 626 1734; x_wconf 90' lang='lat' dir='ltr'><strong>aut</strong></span> <span class='ocrx_word' id='word_1_136' title='bbox 644 1673 679 1734; x_wconf 90' lang='lat' dir='ltr'><strong>ab</strong></span> <span class='ocrx_word' id='word_1_137' title='bbox 699 1674 799 1735; x_wconf 88' lang='lat' dir='ltr'><strong>alteris</strong></span> <span class='ocrx_word' id='word_1_138' title='bbox 817 1678 893 1735; x_wconf 92' lang='lat' dir='ltr'><strong>utris</strong></span> <span class='ocrx_word' id='word_1_139' title='bbox 911 1683 960 1736; x_wconf 90' lang='lat' dir='ltr'><strong>aut</strong></span> <span class='ocrx_word' id='word_1_140' title='bbox 979 1675 1014 1736; x_wconf 93' lang='lat' dir='ltr'><strong>ab</strong></span> <span class='ocrx_word' id='word_1_141' title='bbox 1033 1679 1172 1756; x_wconf 89' lang='lat' dir='ltr'><strong>utrisque</strong></span> <span class='ocrx_word' id='word_1_142' title='bbox 1231 1748 1232 1753; x_wconf 8' lang='grc' dir='ltr'>η</span> 
     </span>
    </p>
   </div>
   <div class='ocr_carea' id='block_1_4' title="bbox 166 1762 1172 2019">
    <p class='ocr_par' dir='ltr' id='par_1_4' title="bbox 166 1762 1172 2019">
     <span class='ocr_line' id='line_1_19' title="bbox 166 1762 1172 1844; baseline 0.001 -21"><span class='ocrx_word' id='word_1_143' title='bbox 166 1764 318 1843; x_wconf 82' lang='lat' dir='ltr'><strong>differunt,</strong></span> <span class='ocrx_word' id='word_1_144' title='bbox 341 1764 459 1840; x_wconf 88' lang='lat' dir='ltr'><strong>utrique</strong></span> <span class='ocrx_word' id='word_1_145' title='bbox 482 1762 623 1840; x_wconf 82' lang='lat' dir='ltr'><strong>adscripti</strong></span> <span class='ocrx_word' id='word_1_146' title='bbox 646 1771 723 1842; x_wconf 88' lang='lat' dir='ltr'><strong>sunt,</strong></span> <span class='ocrx_word' id='word_1_147' title='bbox 746 1770 776 1823; x_wconf 88' lang='lat' dir='ltr'><strong>et</strong></span> <span class='ocrx_word' id='word_1_148' title='bbox 798 1762 1026 1824; x_wconf 89' lang='lat' dir='ltr'><strong>Lachmanniani</strong></span> <span class='ocrx_word' id='word_1_149' title='bbox 1049 1765 1172 1844; x_wconf 89' lang='lat' dir='ltr'><strong>quidem</strong></span> 
     </span>
     <span class='ocr_line' id='line_1_20' title="bbox 166 1850 1172 1934; baseline 0 -21"><span class='ocrx_word' id='word_1_150' title='bbox 166 1854 282 1913; x_wconf 90' lang='lat' dir='ltr'><strong>numeri</strong></span> <span class='ocrx_word' id='word_1_151' title='bbox 305 1854 336 1911; x_wconf 92' lang='lat' dir='ltr'><strong>in</strong></span> <span class='ocrx_word' id='word_1_152' title='bbox 359 1851 461 1911; x_wconf 84' lang='lat' dir='ltr'><strong>dextro</strong></span> <span class='ocrx_word' id='word_1_153' title='bbox 485 1853 630 1932; x_wconf 84' lang='lat' dir='ltr'><strong>margine,</strong></span> <span class='ocrx_word' id='word_1_154' title='bbox 658 1850 848 1931; x_wconf 82' lang='lat' dir='ltr'><strong>Bernaysiani</strong></span> <span class='ocrx_word' id='word_1_155' title='bbox 870 1855 901 1912; x_wconf 94' lang='lat' dir='ltr'><strong>in</strong></span> <span class='ocrx_word' id='word_1_156' title='bbox 925 1854 1060 1934; x_wconf 92' lang='lat' dir='ltr'><strong>sinistro,</strong></span> <span class='ocrx_word' id='word_1_157' title='bbox 1086 1860 1116 1915; x_wconf 88' lang='lat' dir='ltr'><strong>ct</strong></span> <span class='ocrx_word' id='word_1_158' title='bbox 1138 1855 1172 1913; x_wconf 94' lang='lat' dir='ltr'><strong>hi</strong></span> 
     </span>
     <span class='ocr_line' id='line_1_21' title="bbox 167 1940 1172 2019; baseline 0.002 -19"><span class='ocrx_word' id='word_1_159' title='bbox 167 1942 286 2019; x_wconf 88' lang='lat' dir='ltr'><strong>quidem</strong></span> <span class='ocrx_word' id='word_1_160' title='bbox 321 1957 513 2000; x_wconf 89' lang='lat' dir='ltr'><strong>numerorum</strong></span> <span class='ocrx_word' id='word_1_161' title='bbox 550 1942 641 2018; x_wconf 89' lang='lat' dir='ltr'><strong>signis</strong></span> <span class='ocrx_word' id='word_1_162' title='bbox 682 1940 802 2019; x_wconf 93' lang='lat' dir='ltr'><strong>paulum</strong></span> <span class='ocrx_word' id='word_1_163' title='bbox 837 1940 994 2001; x_wconf 90' lang='lat' dir='ltr'><strong>inclinatis.</strong></span> <span class='ocrx_word' id='word_1_164' title='bbox 1052 1942 1172 2002; x_wconf 90' lang='lat' dir='ltr'><strong>lineolis</strong></span> 
     </span>
    </p>
   </div>
   <div class='ocr_carea' id='block_1_5' title="bbox 167 2022 1231 2112">
    <p class='ocr_par' dir='ltr' id='par_1_5' title="bbox 167 2022 1231 2112">
     <span class='ocr_line' id='line_1_22' title="bbox 167 2022 1231 2112; baseline 0.001 -23"><span class='ocrx_word' id='word_1_165' title='bbox 167 2031 334 2109; x_wconf 89' lang='lat' dir='ltr'><strong>geminatis,</strong></span> <span class='ocrx_word' id='word_1_166' title='bbox 359 2045 484 2106; x_wconf 91' lang='lat' dir='ltr'><strong>quorum</strong></span> <span class='ocrx_word' id='word_1_167' title='bbox 507 2027 656 2106; x_wconf 87' lang='lat' dir='ltr'><strong>exemplar</strong></span> <span class='ocrx_word' id='word_1_168' title='bbox 678 2028 734 2088; x_wconf 93' lang='lat' dir='ltr'><strong>boc</strong></span> <span class='ocrx_word' id='word_1_169' title='bbox 757 2036 815 2089; x_wconf 89' lang='lat' dir='ltr'><strong>est:</strong></span> <span class='ocrx_word' id='word_1_170' title='bbox 842 2023 852 2110; x_wconf 73' lang='grc' dir='ltr'>Η</span> <span class='ocrx_word' id='word_1_171' title='bbox 872 2022 896 2112; x_wconf 72' lang='lat' dir='ltr'><strong>ll,</strong></span> <span class='ocrx_word' id='word_1_172' title='bbox 920 2047 972 2090; x_wconf 88' lang='lat' dir='ltr'><strong>eos</strong></span> <span class='ocrx_word' id='word_1_173' title='bbox 994 2048 1098 2090; x_wconf 89' lang='lat' dir='ltr'><strong>versus</strong></span> <span class='ocrx_word' id='word_1_174' title='bbox 1121 2048 1171 2090; x_wconf 86' lang='lat' dir='ltr'><strong>me</strong></span> <span class='ocrx_word' id='word_1_175' title='bbox 1230 2077 1231 2104; x_wconf 49' lang='lat'><em>2</em></span> 
     </span>
    </p>
   </div>
   <div class='ocr_carea' id='block_1_6' title="bbox 165 2115 1232 2198">
    <p class='ocr_par' dir='ltr' id='par_1_6' title="bbox 165 2115 1232 2198">
     <span class='ocr_line' id='line_1_23' title="bbox 165 2115 1232 2198; baseline 0.001 -21"><span class='ocrx_word' id='word_1_176' title='bbox 165 2117 330 2197; x_wconf 88' lang='lat' dir='ltr'><strong>inclusisse,</strong></span> <span class='ocrx_word' id='word_1_177' title='bbox 349 2118 486 2195; x_wconf 89' lang='lat' dir='ltr'><strong>quicum</strong></span> <span class='ocrx_word' id='word_1_178' title='bbox 505 2115 540 2175; x_wconf 87' lang='lat' dir='ltr'><strong>ab</strong></span> <span class='ocrx_word' id='word_1_179' title='bbox 559 2118 624 2193; x_wconf 92' lang='lat' dir='ltr'><strong>ipso</strong></span> <span class='ocrx_word' id='word_1_180' title='bbox 643 2123 729 2194; x_wconf 85' lang='lat' dir='ltr'><strong>poeta</strong></span> <span class='ocrx_word' id='word_1_181' title='bbox 748 2119 851 2195; x_wconf 92' lang='lat' dir='ltr'><strong>scripti</strong></span> <span class='ocrx_word' id='word_1_182' title='bbox 866 2125 974 2198; x_wconf 88' lang='lat' dir='ltr'><strong>essent,</strong></span> <span class='ocrx_word' id='word_1_183' title='bbox 992 2124 1090 2178; x_wconf 87' lang='lat' dir='ltr'><strong>tamen</strong></span> <span class='ocrx_word' id='word_1_184' title='bbox 1110 2137 1171 2178; x_wconf 93' lang='lat' dir='ltr'><strong>non</strong></span> <span class='ocrx_word' id='word_1_185' title='bbox 1229 2127 1232 2196; x_wconf 69' lang='lat' dir='ltr'>J</span> 
     </span>
    </p>
   </div>
   <div class='ocr_carea' id='block_1_7' title="bbox 164 2202 1170 2882">
    <p class='ocr_par' dir='ltr' id='par_1_7' title="bbox 165 2202 1126 2284">
     <span class='ocr_line' id='line_1_24' title="bbox 165 2202 1126 2284; baseline 0 -18"><span class='ocrx_word' id='word_1_186' title='bbox 165 2205 307 2266; x_wconf 89' lang='lat' dir='ltr'><strong>baberent</strong></span> <span class='ocrx_word' id='word_1_187' title='bbox 330 2203 381 2264; x_wconf 92' lang='lat' dir='ltr'><strong>ubi</strong></span> <span class='ocrx_word' id='word_1_188' title='bbox 405 2211 470 2283; x_wconf 91' lang='lat' dir='ltr'><strong>apte</strong></span> <span class='ocrx_word' id='word_1_189' title='bbox 494 2202 720 2284; x_wconf 88' lang='lat' dir='ltr'><strong>collocarentur,</strong></span> <span class='ocrx_word' id='word_1_190' title='bbox 742 2206 790 2264; x_wconf 85' lang='lat' dir='ltr'><strong>vix</strong></span> <span class='ocrx_word' id='word_1_191' title='bbox 813 2212 859 2264; x_wconf 89' lang='lat' dir='ltr'><strong>est</strong></span> <span class='ocrx_word' id='word_1_192' title='bbox 882 2204 959 2283; x_wconf 90' lang='lat' dir='ltr'><strong>quod</strong></span> <span class='ocrx_word' id='word_1_193' title='bbox 982 2224 1126 2267; x_wconf 89' lang='lat' dir='ltr'><strong>moneam.</strong></span> 
     </span>
    </p>

    <p class='ocr_par' dir='ltr' id='par_1_8' title="bbox 164 2291 1170 2882">
     <span class='ocr_line' id='line_1_25' title="bbox 254 2291 1170 2373; baseline 0 -19"><span class='ocrx_word' id='word_1_194' title='bbox 254 2293 394 2372; x_wconf 89' lang='lat' dir='ltr'><strong>Sequitur</strong></span> <span class='ocrx_word' id='word_1_195' title='bbox 421 2292 511 2351; x_wconf 82' lang='lat' dir='ltr'><strong>altera</strong></span> <span class='ocrx_word' id='word_1_196' title='bbox 537 2291 625 2351; x_wconf 91' lang='lat' dir='ltr'><strong>huius</strong></span> <span class='ocrx_word' id='word_1_197' title='bbox 652 2292 841 2371; x_wconf 84' lang='lat' dir='ltr'><strong>praelationis</strong></span> <span class='ocrx_word' id='word_1_198' title='bbox 868 2311 951 2373; x_wconf 93' lang='lat' dir='ltr'><strong>pars,</strong></span> <span class='ocrx_word' id='word_1_199' title='bbox 977 2295 1009 2353; x_wconf 95' lang='lat' dir='ltr'><strong>in</strong></span> <span class='ocrx_word' id='word_1_200' title='bbox 1037 2312 1094 2372; x_wconf 83' lang='lat' dir='ltr'><strong>qua</strong></span> <span class='ocrx_word' id='word_1_201' title='bbox 1117 2312 1170 2354; x_wconf 91' lang='lat' dir='ltr'><strong>eos</strong></span> 
     </span>
     <span class='ocr_line' id='line_1_26' title="bbox 165 2378 1170 2463; baseline 0 -21"><span class='ocrx_word' id='word_1_202' title='bbox 165 2382 258 2463; x_wconf 91' lang='lat' dir='ltr'><strong>locos,</strong></span> <span class='ocrx_word' id='word_1_203' title='bbox 289 2381 396 2459; x_wconf 88' lang='lat' dir='ltr'><strong>quibus</strong></span> <span class='ocrx_word' id='word_1_204' title='bbox 419 2398 435 2440; x_wconf 95' lang='lat' dir='ltr'><strong>a</strong></span> <span class='ocrx_word' id='word_1_205' title='bbox 458 2378 643 2439; x_wconf 88' lang='lat' dir='ltr'><strong>Lachmauno</strong></span> <span class='ocrx_word' id='word_1_206' title='bbox 666 2387 716 2439; x_wconf 91' lang='lat' dir='ltr'><strong>aut</strong></span> <span class='ocrx_word' id='word_1_207' title='bbox 738 2398 755 2439; x_wconf 87' lang='lat' dir='ltr'><strong>a</strong></span> <span class='ocrx_word' id='word_1_208' title='bbox 777 2380 935 2459; x_wconf 81' lang='lat' dir='ltr'><strong>Rernaysio</strong></span> <span class='ocrx_word' id='word_1_209' title='bbox 959 2381 1116 2463; x_wconf 92' lang='lat' dir='ltr'><strong>dissentio,</strong></span> <span class='ocrx_word' id='word_1_210' title='bbox 1144 2384 1170 2441; x_wconf 92' lang='lat' dir='ltr'><strong>si</strong></span> 
     </span>
     <span class='ocr_line' id='line_1_27' title="bbox 164 2467 1169 2550; baseline -0.001 -19"><span class='ocrx_word' id='word_1_211' title='bbox 164 2489 224 2532; x_wconf 91' lang='lat' dir='ltr'><strong>non</strong></span> <span class='ocrx_word' id='word_1_212' title='bbox 252 2487 367 2549; x_wconf 88' lang='lat' dir='ltr'><strong>omnes,</strong></span> <span class='ocrx_word' id='word_1_213' title='bbox 394 2485 461 2527; x_wconf 89' lang='lat' dir='ltr'><strong>nam</strong></span> <span class='ocrx_word' id='word_1_214' title='bbox 484 2467 632 2527; x_wconf 88' lang='lat' dir='ltr'><strong>levissima</strong></span> <span class='ocrx_word' id='word_1_215' title='bbox 656 2486 788 2546; x_wconf 86' lang='lat' dir='ltr'><strong>quaeque</strong></span> <span class='ocrx_word' id='word_1_216' title='bbox 810 2486 870 2528; x_wconf 90' lang='lat' dir='ltr'><strong>non</strong></span> <span class='ocrx_word' id='word_1_217' title='bbox 893 2486 977 2550; x_wconf 91' lang='lat' dir='ltr'><strong>curo,</strong></span> <span class='ocrx_word' id='word_1_218' title='bbox 1004 2477 1033 2530; x_wconf 89' lang='lat' dir='ltr'><strong>at</strong></span> <span class='ocrx_word' id='word_1_219' title='bbox 1055 2469 1169 2549; x_wconf 89' lang='lat' dir='ltr'><strong>pleros-</strong></span> 
     </span>
     <span class='ocr_line' id='line_1_28' title="bbox 165 2556 1169 2637; baseline -0.001 -19"><span class='ocrx_word' id='word_1_220' title='bbox 165 2576 222 2637; x_wconf 89' lang='lat' dir='ltr'><strong>que</strong></span> <span class='ocrx_word' id='word_1_221' title='bbox 258 2576 317 2617; x_wconf 89' lang='lat' dir='ltr'><strong>nno</strong></span> <span class='ocrx_word' id='word_1_222' title='bbox 352 2559 383 2615; x_wconf 90' lang='lat' dir='ltr'><strong>in</strong></span> <span class='ocrx_word' id='word_1_223' title='bbox 415 2562 575 2633; x_wconf 89' lang='lat' dir='ltr'><strong>conspectu</strong></span> <span class='ocrx_word' id='word_1_224' title='bbox 606 2573 727 2635; x_wconf 92' lang='lat' dir='ltr'><strong>ponam,</strong></span> <span class='ocrx_word' id='word_1_225' title='bbox 763 2556 898 2637; x_wconf 87' lang='lat' dir='ltr'><strong>adiectis,</strong></span> <span class='ocrx_word' id='word_1_226' title='bbox 934 2556 1029 2617; x_wconf 92' lang='lat' dir='ltr'><strong>sicubi</strong></span> <span class='ocrx_word' id='word_1_227' title='bbox 1061 2576 1169 2636; x_wconf 88' lang='lat' dir='ltr'><strong>operae</strong></span> 
     </span>
     <span class='ocr_line' id='line_1_29' title="bbox 165 2643 1169 2724; baseline 0.001 -19"><span class='ocrx_word' id='word_1_228' title='bbox 165 2648 293 2724; x_wconf 89' lang='lat' dir='ltr'><strong>pretium</strong></span> <span class='ocrx_word' id='word_1_229' title='bbox 321 2663 386 2704; x_wconf 90' lang='lat' dir='ltr'><strong>esse</strong></span> <span class='ocrx_word' id='word_1_230' title='bbox 413 2645 508 2703; x_wconf 87' lang='lat' dir='ltr'><strong>visum</strong></span> <span class='ocrx_word' id='word_1_231' title='bbox 536 2644 605 2722; x_wconf 89' lang='lat' dir='ltr'><strong>erit,</strong></span> <span class='ocrx_word' id='word_1_232' title='bbox 634 2645 721 2703; x_wconf 92' lang='lat' dir='ltr'><strong>etiam</strong></span> <span class='ocrx_word' id='word_1_233' title='bbox 748 2646 805 2724; x_wconf 88' lang='lat' dir='ltr'><strong>eis,</strong></span> <span class='ocrx_word' id='word_1_234' title='bbox 832 2662 907 2723; x_wconf 88' lang='lat' dir='ltr'><strong>quae</strong></span> <span class='ocrx_word' id='word_1_235' title='bbox 929 2643 1033 2705; x_wconf 87' lang='lat' dir='ltr'><strong>Munro</strong></span> <span class='ocrx_word' id='word_1_236' title='bbox 1056 2645 1169 2706; x_wconf 89' lang='lat' dir='ltr'><strong>Bocke-</strong></span> 
     </span>
     <span class='ocr_line' id='line_1_30' title="bbox 165 2730 1170 2810; baseline 0.001 -17"><span class='ocrx_word' id='word_1_237' title='bbox 165 2733 306 2793; x_wconf 79' lang='lat' dir='ltr'><strong>mullerus</strong></span> <span class='ocrx_word' id='word_1_238' title='bbox 340 2732 389 2791; x_wconf 87' lang='lat' dir='ltr'><strong>alii</strong></span> <span class='ocrx_word' id='word_1_239' title='bbox 420 2734 452 2790; x_wconf 93' lang='lat' dir='ltr'><strong>in</strong></span> <span class='ocrx_word' id='word_1_240' title='bbox 484 2748 600 2809; x_wconf 85' lang='lat' dir='ltr'><strong>quoque</strong></span> <span class='ocrx_word' id='word_1_241' title='bbox 630 2730 694 2791; x_wconf 93' lang='lat' dir='ltr'><strong>loco</strong></span> <span class='ocrx_word' id='word_1_242' title='bbox 722 2731 768 2791; x_wconf 90' lang='lat' dir='ltr'><strong>vel</strong></span> <span class='ocrx_word' id='word_1_243' title='bbox 796 2736 979 2810; x_wconf 88' lang='lat' dir='ltr'><strong>scripserunt</strong></span> <span class='ocrx_word' id='word_1_244' title='bbox 1004 2732 1051 2793; x_wconf 90' lang='lat' dir='ltr'><strong>vel</strong></span> <span class='ocrx_word' id='word_1_245' title='bbox 1078 2733 1170 2794; x_wconf 88' lang='lat' dir='ltr'><strong>scribi</strong></span> 
     </span>
     <span class='ocr_line' id='line_1_31' title="bbox 164 2824 323 2882; baseline -0.006 -1"><span class='ocrx_word' id='word_1_246' title='bbox 164 2824 323 2882; x_wconf 89' lang='lat' dir='ltr'><strong>iusserunt.</strong></span> 
     </span>
    </p>
   </div>
   <div class='ocr_carea' id='block_1_8' title="bbox 252 2906 1227 2988">
    <p class='ocr_par' dir='ltr' id='par_1_9' title="bbox 252 2906 1227 2988">
     <span class='ocr_line' id='line_1_32' title="bbox 252 2906 1227 2988; baseline 0.001 -19"><span class='ocrx_word' id='word_1_247' title='bbox 252 2909 295 2969; x_wconf 93' lang='lat' dir='ltr'><strong>lta</strong></span> <span class='ocrx_word' id='word_1_248' title='bbox 322 2925 391 2967; x_wconf 89' lang='lat' dir='ltr'><strong>vero</strong></span> <span class='ocrx_word' id='word_1_249' title='bbox 420 2925 483 2967; x_wconf 92' lang='lat' dir='ltr'><strong>rem</strong></span> <span class='ocrx_word' id='word_1_250' title='bbox 506 2908 630 2967; x_wconf 91' lang='lat' dir='ltr'><strong>institui.</strong></span> <span class='ocrx_word' id='word_1_251' title='bbox 675 2909 772 2985; x_wconf 91' lang='lat' dir='ltr'><strong>primo</strong></span> <span class='ocrx_word' id='word_1_252' title='bbox 794 2906 859 2968; x_wconf 93' lang='lat' dir='ltr'><strong>loco</strong></span> <span class='ocrx_word' id='word_1_253' title='bbox 882 2908 989 2987; x_wconf 90' lang='lat' dir='ltr'><strong>legitur</strong></span> <span class='ocrx_word' id='word_1_254' title='bbox 1012 2910 1090 2987; x_wconf 90' lang='lat' dir='ltr'><strong>quod</strong></span> <span class='ocrx_word' id='word_1_255' title='bbox 1114 2928 1169 2988; x_wconf 89' lang='lat' dir='ltr'><strong>ego</strong></span> <span class='ocrx_word' id='word_1_256' title='bbox 1226 2945 1227 2948; x_wconf 61' lang='lat'><em>=</em></span> 
     </span>
    </p>
   </div>
   <div class='ocr_carea' id='block_1_9' title="bbox 165 2994 1169 3163">
    <p class='ocr_par' dir='ltr' id='par_1_10' title="bbox 165 2994 1169 3163">
     <span class='ocr_line' id='line_1_33' title="bbox 165 2994 1169 3078; baseline -0.001 -20"><span class='ocrx_word' id='word_1_257' title='bbox 165 3000 285 3077; x_wconf 89' lang='lat' dir='ltr'><strong>scripsi,</strong></span> <span class='ocrx_word' id='word_1_258' title='bbox 322 2997 494 3056; x_wconf 90' lang='lat' dir='ltr'><strong>auctoritate</strong></span> <span class='ocrx_word' id='word_1_259' title='bbox 531 2994 577 3054; x_wconf 89' lang='lat' dir='ltr'><strong>vel</strong></span> <span class='ocrx_word' id='word_1_260' title='bbox 613 3003 732 3055; x_wconf 88' lang='lat' dir='ltr'><strong>auctore</strong></span> <span class='ocrx_word' id='word_1_261' title='bbox 765 2996 892 3078; x_wconf 71' lang='lat' dir='ltr'><strong>adiecto,</strong></span> <span class='ocrx_word' id='word_1_262' title='bbox 928 2999 980 3075; x_wconf 89' lang='lat' dir='ltr'><strong>qui</strong></span> <span class='ocrx_word' id='word_1_263' title='bbox 1012 3000 1038 3057; x_wconf 93' lang='lat' dir='ltr'><strong>si</strong></span> <span class='ocrx_word' id='word_1_264' title='bbox 1069 2997 1169 3059; x_wconf 90' lang='lat' dir='ltr'><strong>nullus</strong></span> 
     </span>
     <span class='ocr_line' id='line_1_34' title="bbox 165 3085 1167 3163; baseline -0.001 -17"><span class='ocrx_word' id='word_1_265' title='bbox 165 3086 296 3147; x_wconf 89' lang='lat' dir='ltr'><strong>adiectus</strong></span> <span class='ocrx_word' id='word_1_266' title='bbox 330 3091 387 3163; x_wconf 86' lang='lat' dir='ltr'><strong>cst,</strong></span> <span class='ocrx_word' id='word_1_267' title='bbox 419 3085 482 3162; x_wconf 88' lang='lat' dir='ltr'><strong>ipse</strong></span> <span class='ocrx_word' id='word_1_268' title='bbox 515 3089 617 3143; x_wconf 89' lang='lat' dir='ltr'><strong>auctor</strong></span> <span class='ocrx_word' id='word_1_269' title='bbox 646 3101 712 3143; x_wconf 93' lang='lat' dir='ltr'><strong>sum</strong></span> <span class='ocrx_word' id='word_1_270' title='bbox 740 3086 801 3143; x_wconf 81' lang='lat' dir='ltr'><strong>sive</strong></span> <span class='ocrx_word' id='word_1_271' title='bbox 828 3086 1014 3145; x_wconf 88' lang='lat' dir='ltr'><strong>coniecturae</strong></span> <span class='ocrx_word' id='word_1_272' title='bbox 1042 3088 1104 3146; x_wconf 88' lang='lat' dir='ltr'><strong>sive</strong></span> <span class='ocrx_word' id='word_1_273' title='bbox 1132 3085 1167 3147; x_wconf 92' lang='lat' dir='ltr'><strong>ad</strong></span> 
     </span>
    </p>
   </div>
   <div class='ocr_carea' id='block_1_10' title="bbox 165 3171 1226 3250">
    <p class='ocr_par' dir='ltr' id='par_1_11' title="bbox 165 3171 1226 3250">
     <span class='ocr_line' id='line_1_35' title="bbox 165 3171 1226 3250; baseline -0.003 -14"><span class='ocrx_word' id='word_1_274' title='bbox 165 3175 299 3236; x_wconf 91' lang='lat' dir='ltr'><strong>codicum</strong></span> <span class='ocrx_word' id='word_1_275' title='bbox 331 3172 419 3231; x_wconf 89' lang='lat' dir='ltr'><strong>fidem</strong></span> <span class='ocrx_word' id='word_1_276' title='bbox 445 3171 566 3231; x_wconf 89' lang='lat' dir='ltr'><strong>reditus.</strong></span> <span class='ocrx_word' id='word_1_277' title='bbox 618 3173 743 3231; x_wconf 88' lang='lat' dir='ltr'><strong>cursivis</strong></span> <span class='ocrx_word' id='word_1_278' title='bbox 772 3190 844 3250; x_wconf 88' lang='lat' dir='ltr'><strong>quas</strong></span> <span class='ocrx_word' id='word_1_279' title='bbox 872 3172 974 3233; x_wconf 91' lang='lat' dir='ltr'><strong>dicunt</strong></span> <span class='ocrx_word' id='word_1_280' title='bbox 999 3173 1106 3233; x_wconf 89' lang='lat' dir='ltr'><strong>litteris</strong></span> <span class='ocrx_word' id='word_1_281' title='bbox 1135 3192 1168 3234; x_wconf 92' lang='lat' dir='ltr'><strong>ea</strong></span> <span class='ocrx_word' id='word_1_282' title='bbox 1225 3207 1226 3216; x_wconf 27' lang='grc' dir='ltr'><strong>κ</strong></span> 
     </span>
    </p>
   </div>
   <div class='ocr_carea' id='block_1_11' title="bbox 164 3259 1167 3429">
    <p class='ocr_par' dir='ltr' id='par_1_12' title="bbox 164 3259 1167 3429">
     <span class='ocr_line' id='line_1_36' title="bbox 164 3259 1167 3342; baseline -0.002 -18"><span class='ocrx_word' id='word_1_283' title='bbox 164 3264 226 3324; x_wconf 87' lang='lat' dir='ltr'><strong>lere</strong></span> <span class='ocrx_word' id='word_1_284' title='bbox 250 3277 389 3341; x_wconf 88' lang='lat' dir='ltr'><strong>expressa</strong></span> <span class='ocrx_word' id='word_1_285' title='bbox 412 3265 524 3339; x_wconf 82' lang='lat' dir='ltr'><strong>extant,</strong></span> <span class='ocrx_word' id='word_1_286' title='bbox 548 3277 622 3337; x_wconf 87' lang='lat' dir='ltr'><strong>quac</strong></span> <span class='ocrx_word' id='word_1_287' title='bbox 646 3278 714 3320; x_wconf 89' lang='lat' dir='ltr'><strong>cnm</strong></span> <span class='ocrx_word' id='word_1_288' title='bbox 736 3263 768 3319; x_wconf 93' lang='lat' dir='ltr'><strong>in</strong></span> <span class='ocrx_word' id='word_1_289' title='bbox 790 3259 875 3320; x_wconf 89' lang='lat' dir='ltr'><strong>libris</strong></span> <span class='ocrx_word' id='word_1_290' title='bbox 897 3279 987 3321; x_wconf 88' lang='lat' dir='ltr'><strong>manu</strong></span> <span class='ocrx_word' id='word_1_291' title='bbox 1010 3262 1167 3342; x_wconf 90' lang='lat' dir='ltr'><strong>descriptis</strong></span> 
     </span>
     <span class='ocr_line' id='line_1_37' title="bbox 164 3346 1166 3429; baseline -0.002 -16"><span class='ocrx_word' id='word_1_292' title='bbox 164 3352 358 3429; x_wconf 83' lang='lat' dir='ltr'><strong>excidissent,</strong></span> <span class='ocrx_word' id='word_1_293' title='bbox 388 3346 424 3407; x_wconf 92' lang='lat' dir='ltr'><strong>ab</strong></span> <span class='ocrx_word' id='word_1_294' title='bbox 447 3346 609 3407; x_wconf 90' lang='lat' dir='ltr'><strong>editoribus</strong></span> <span class='ocrx_word' id='word_1_295' title='bbox 633 3354 714 3409; x_wconf 88' lang='lat' dir='ltr'><strong>recte</strong></span> <span class='ocrx_word' id='word_1_296' title='bbox 737 3350 873 3409; x_wconf 87' lang='lat' dir='ltr'><strong>restituta</strong></span> <span class='ocrx_word' id='word_1_297' title='bbox 897 3367 963 3409; x_wconf 88' lang='lat' dir='ltr'><strong>esse</strong></span> <span class='ocrx_word' id='word_1_298' title='bbox 985 3349 1166 3411; x_wconf 84' lang='lat' dir='ltr'><strong>videbantur.</strong></span> 
     </span>
    </p>
   </div>
   <div class='ocr_carea' id='block_1_12' title="bbox 251 3430 1164 3523">
    <p class='ocr_par' dir='ltr' id='par_1_13' title="bbox 251 3430 1164 3523">
     <span class='ocr_line' id='line_1_38' title="bbox 251 3430 1164 3523; baseline 0.002 -24"><span class='ocrx_word' id='word_1_299' title='bbox 251 3430 392 3523; x_wconf 71' lang='lat' dir='ltr'><strong>lllti-llll</strong></span> <span class='ocrx_word' id='word_1_300' title='bbox 406 3454 471 3497; x_wconf 90' lang='lat' dir='ltr'><strong>ann.</strong></span> <span class='ocrx_word' id='word_1_301' title='bbox 485 3434 601 3496; x_wconf 90' lang='lat' dir='ltr'><strong>Lucret.</strong></span> <span class='ocrx_word' id='word_1_302' title='bbox 618 3433 704 3499; x_wconf 88' lang='grc'>1889</span> <span class='ocrx_word' id='word_1_303' title='bbox 717 3456 746 3516; x_wconf 93' lang='lat' dir='ltr'><strong>p.</strong></span> <span class='ocrx_word' id='word_1_304' title='bbox 762 3433 834 3498; x_wconf 82' lang='lat'><strong>233.</strong></span> <span class='ocrx_word' id='word_1_305' title='bbox 861 3431 1006 3520; x_wconf 59' lang='lat' dir='ltr'><strong>ilbi—bb</strong></span> <span class='ocrx_word' id='word_1_306' title='bbox 1021 3431 1164 3521; x_wconf 82' lang='lat'>(50-61</span> 
     </span>
    </p>
   </div>
   <div class='ocr_carea' id='block_1_13' title="bbox 0 0 1246 3800">
    <p class='ocr_par' dir='ltr' id='par_1_14' title="bbox 0 0 1246 3800">
     <span class='ocr_line' id='line_1_39' title="bbox 0 0 1246 3800; baseline 0 1"><span class='ocrx_word' id='word_1_307' title='bbox 0 0 1246 3800; x_wconf 95' lang='lat' dir='ltr'><strong> </strong></span> 
     </span>
    </p>
   </div>
  </div>
 </body>
</html>
