2484 3800
588 179 601 232 1
1076 181 1096 244 5
1154 162 1157 167 '

164 335 284 406 propter
307 333 468 405 egestatem
491 325 607 404 linguae
631 334 661 387 et
683 345 784 387 rerum
806 329 978 388 novitatem:

92 421 150 472 140
164 416 213 475 sed
236 423 286 476 tua
310 433 357 475 me
380 417 474 474 virtus
497 421 596 474 tamen
620 422 650 475 51
674 422 789 494 sperata
812 415 944 494 voluptas
1058 430 1097 469 14⁰

94 506 259 564 1155115115
284 505 430 563 amicitiae
454 505 587 582 quemvis
610 504 716 563 efferre
738 502 869 563 laborem

165 592 266 652 suadet
289 598 319 651 et
341 590 457 651 inducit
479 599 581 652 noctes
604 590 725 669 vigilare
749 609 881 672 serenas,

165 687 355 759 quaerentem
377 679 465 740 dictis
489 679 596 758 quibus
620 687 650 739 et
673 698 731 758 quo
755 683 885 740 carmine
908 679 1027 740 demum

163 767 241 828 clara
263 774 332 828 tuae
354 769 467 846 possim
488 767 691 846 praepandere
713 768 824 828 lumina
846 771 952 848 menti,

93 862 210 917 115155
234 855 342 935 quibus
367 853 499 915 occultus
522 858 641 934 penitus
664 858 815 916 convisere
838 854 973 935 possisl
1058 869 1097 909 145

94 949 144 998 140
205 944 291 1004 Hunc
314 946 405 1022 igitur
427 950 574 1004 terrorem
597 946 688 1004 animi
710 943 907 1022 tenebrasque
929 951 1080 1004 necessest

161 1051 222 1095 uon
244 1032 321 1092 radii
345 1031 415 1092 solis
438 1050 534 1110 neque
558 1030 655 1092 lucida
678 1032 735 1092 tela
759 1033 818 1092 diei

162 1122 337 1201 discutiant,
360 1119 413 1181 sed
435 1127 558 1180 naturae
581 1123 697 1199 species
719 1123 861 1198 ratioque.

160 1211 343 1288 principium
366 1209 451 1269 cuius
474 1208 543 1268 hinc
566 1208 653 1268 nobis
677 1208 797 1268 exordia
820 1216 930 1289 sumet,

92 1297 272 1358 1501111511
294 1315 359 1358 rem
382 1315 399 1356 5
422 1295 482 1356 nilo
505 1299 586 1375 gigni
609 1296 751 1358 divinitus
773 1315 921 1383 umquam.
1059 1281 1166 1363 uo.)

92 1392 141 1440 145
163 1389 273 1465 quippe
296 1388 337 1446 ita
360 1384 486 1444 formido
509 1383 644 1445 mortalis
667 1387 798 1445 continet
821 1388 931 1465 omnis,

162 1475 241 1554 quod
263 1473 356 1535 multa
380 1475 411 1534 in
434 1474 524 1533 terris
546 1474 613 1533 lieri
636 1472 775 1552 caeloque
798 1481 932 1554 tuentur,

162 1581 290 1642 quorum
314 1579 438 1641 operum
461 1579 564 1622 causas
583 1561 662 1621 nulla
685 1564 799 1622 ratione
822 1563 922 1622 videre

161 1657 289 1730 possunt
312 1669 346 1710 ao
368 1651 435 1709 lieri
457 1648 555 1709 divino
579 1652 701 1710 numine
722 1658 835 1710 rentur.

89 1745 144 1796 155
162 1757 236 1819 quas
260 1737 297 1798 ob
321 1757 370 1798 res
393 1737 446 1798 ubi
467 1737 629 1798 viderimus
651 1737 694 1798 nil
716 1757 804 1816 posse
826 1741 922 1800 creari
1061 1751 1098 1792 1⁵6

91 1826 384 1909 150151115,1111
408 1825 486 1905 quod
511 1828 662 1905 sequimur
684 1829 742 1886 iam
765 1830 875 1888 rectius
898 1827 967 1888 inde

160 1919 388 1998 perspiciemus,
411 1922 441 1975 et
463 1915 543 1975 unde
567 1923 655 1993 queat
676 1934 725 1975 res
750 1935 882 1995 quaeque
906 1920 1002 1977 creari

162 2012 194 2066 et
216 2023 275 2084 quo
299 2022 432 2083 quaeque
456 2003 543 2064 modo
566 2004 638 2063 liant
660 2022 749 2082 opera
773 2006 837 2065 sine
860 2005 966 2066 divom.
1061 2017 1099 2058 1⁵5

207 2093 282 2153 Nam
306 2095 332 2153 si
354 2092 391 2152 de
414 2090 476 2151 nilo
499 2092 618 2171 fierent,
641 2110 677 2151 ex
700 2092 829 2152 omnibu'
851 2092 941 2154 rebus

90 2189 147 2239 160
164 2200 253 2242 omne
277 2198 370 2259 genus
393 2182 476 2240 nasci
497 2186 611 2260 posset,
634 2179 678 2239 nil
700 2182 811 2240 semine
834 2189 943 2259 egeret.
1062 2194 1100 2233 1⁶⁰

91 2277 143 2327 155
163 2290 180 2331 5
203 2287 286 2331 mare
308 2270 437 2348 primum
459 2268 608 2348 homines,
631 2286 648 2327 e
670 2274 750 2327 terra
772 2275 874 2345 posset
895 2271 969 2329 oriri

164 2359 387 2437 squamigerum
409 2374 503 2435 genus
527 2362 556 2416 51
578 2355 713 2416 volucres
737 2373 893 2434 erumpere
916 2356 1010 2436 caelo;

164 2453 299 2507 armenta
322 2451 409 2522 atque
433 2443 506 2504 aliae
529 2443 673 2523 pecudes,
695 2461 789 2522 genus
812 2461 898 2504 omne
921 2444 1062 2525 ferarum,

164 2538 280 2595 incerto
303 2540 391 2612 partu
415 2531 492 2592 culta
515 2550 549 2591 ac
572 2532 690 2592 deserta
711 2538 856 2592 tenerent.

90 2628 147 2680 165
163 2641 221 2682 nec
244 2622 360 2682 fructus
383 2621 462 2680 idem
484 2619 640 2680 arboribus
663 2626 798 2681 constare
821 2619 964 2700 solerent,
1063 2634 1101 2674 155

92 2718 144 2767 160
165 2710 217 2771 sed
242 2715 442 2788 mutarentur,
465 2708 543 2768 serre
567 2726 669 2768 omncs
693 2711 790 2768 omnia
812 2715 943 2787 possent.

166 2801 290 2878 quippe,
313 2796 366 2857 ubi
388 2815 448 2856 non
471 2803 572 2856 esseut
595 2796 733 2875 genitalia
756 2815 880 2874 corpora
902 2798 1022 2876 cuique,

166 2889 218 2966 qui
240 2892 344 2965 posset
366 2891 461 2944 mater
483 2883 572 2944 rebus
596 2887 759 2945 consistere
783 2881 884 2945 certa?

165 2982 195 3035 at
217 2993 298 3035 nunc
321 2971 485 3033 seminibus
509 2974 576 3051 quia
599 2975 691 3033 certis
714 2991 847 3052 quaeque
871 2978 1021 3052 creantur,

93 3072 148 3123 170
163 3062 235 3124 inde
259 3063 409 3122 enascitur
432 3068 518 3140 atque
543 3079 609 3121 oras
633 3064 664 3122 in
687 3061 807 3121 luminis
830 3063 904 3139 exit,
1064 3073 1103 3112 170

93 3158 144 3210 165
163 3153 305 3213 materies
328 3148 381 3209 ubi
403 3151 480 3209 inest
503 3150 647 3229 cuiusque
671 3157 700 3210 et
722 3167 846 3229 corpora
868 3150 977 3227 prima3

164 3247 254 3318 atque
277 3238 333 3298 hac
356 3255 388 3297 re
411 3244 563 3315 nequeunt
585 3256 622 3297 ex
646 3238 782 3299 omnibus
806 3238 904 3299 omnia
926 3238 1020 3315 gigni,

163 3327 244 3408 quod
269 3328 360 3387 certis
382 3327 415 3384 in
437 3323 527 3385 rebus
550 3328 630 3387 inest
653 3334 768 3387 secreta
790 3325 921 3386 facultas.

162 3423 320 3498 praeterea
343 3430 489 3476 currere
512 3431 623 3496 rosam,
646 3417 793 3477 frumenta
816 3414 927 3493 calore,

94 3513 147 3567 175
162 3524 236 3567 uvas
260 3511 401 3565 autrrmno
425 3501 509 3562 iundi
532 3504 674 3565 suadente
696 3505 845 3585 videmus,
