2484 3800
621 122 649 177 11

192 267 360 348 muraquue
385 276 473 347 caput
496 288 644 331 summum
668 272 787 333 cinxere
810 292 931 353 corona,

192 360 312 417 eximiis
336 360 451 418 munita
474 357 548 418 locis
571 361 641 436 quia
664 362 790 420 sustinet
812 361 910 422 urbes

192 464 251 524 quo
275 464 358 506 nunc
381 447 492 523 insigni
515 464 569 524 per
590 464 711 525 magnas
733 449 865 527 praedita
886 457 982 510 terras

190 534 334 594 horrifice
357 533 453 594 iertm
475 534 590 594 divinae
613 538 718 595 matris
740 538 844 615 imago.

79 639 173 691 610
192 622 269 682 hanc
293 623 393 682 variae
416 628 520 699 gentes
543 624 664 701 antiquo
687 641 769 684 more
793 642 943 686 sacrorum

192 709 311 771 ldaeam
334 712 466 770 vocitant
487 717 626 791 matrem,
648 710 846 791 Phrygiasque
869 721 999 773 catervas

193 799 264 859 dant
288 800 428 877 comites,
451 800 520 875 quia
543 800 672 877 primum
696 818 732 859 ex
755 799 813 860 illis
836 800 945 862 finibus
968 802 1059 861 edunt

191 905 247 965 per
270 893 421 947 terramm
444 884 548 946 orbem
569 887 670 964 fruges
693 890 826 967 coepisse
849 892 952 950 creari.

193 973 294 1035 Gallos
317 973 497 1054 attribuunt,
524 976 606 1054 quia,
629 992 739 1035 numen
763 978 814 1054 qui
836 978 973 1038 violarint

96 1079 171 1131 616
191 1065 298 1123 matris
321 1068 353 1122 et
374 1063 484 1139 ingrati
506 1062 690 1140 genitoribus
712 1065 825 1123 inventi
847 1067 920 1145 sint,

192 1151 364 1229 siguificare
388 1149 490 1210 volunt
511 1149 649 1227 indignos
662 1168 738 1211 nesse
761 1153 920 1234 putandos,

190 1242 290 1299 vivam
313 1239 487 1316 progeniem
510 1240 561 1316 qui
583 1240 615 1297 in
639 1256 705 1299 oras
727 1238 848 1300 luminis
872 1240 968 1301 edant.

190 1335 333 1407 tympana
355 1332 436 1386 tenta
459 1332 562 1386 tonant
583 1325 689 1405 palmis
713 1333 743 1386 et
766 1327 895 1406 cymbala
919 1329 1035 1389 circum

191 1432 336 1495 concava,
358 1416 576 1492 raucisonoque
599 1416 750 1475 minantur
772 1434 882 1477 cornua
905 1421 1009 1492 cantu,

112 1521 171 1570 620
191 1511 223 1565 et
244 1503 374 1581 Phrygio
398 1501 531 1562 stimulat
553 1520 677 1562 numero
700 1521 769 1563 cava
792 1503 863 1564 tibia
886 1502 1013 1579 mentis,

190 1591 312 1669 telaque
335 1596 539 1669 praeponant,
560 1589 683 1650 violenti
706 1592 788 1669 signa
811 1592 934 1671 fauoris,

190 1684 327 1757 ingratos
350 1680 464 1737 animos
488 1684 575 1756 atque
598 1679 688 1757 impia
710 1685 829 1757 pectora
851 1679 931 1756 volgi

191 1774 367 1829 conterrere
389 1772 472 1825 metu
495 1783 570 1843 quae
591 1768 708 1843 possint
729 1767 851 1827 numini'
874 1766 971 1826 divae.

192 1874 265 1934 ergo
289 1872 357 1915 cum
380 1856 511 1933 primum
532 1871 652 1932 magnas
674 1856 789 1915 invecta
811 1873 865 1934 per
887 1852 977 1914 urbis

120 1961 172 2011 625
191 1943 349 2005 munificat
370 1944 460 2003 tacita
482 1941 615 2002 mortalis
637 1949 718 2003 muta
741 1942 847 2023 salute,

192 2050 262 2094 aere
286 2038 375 2109 atque
399 2037 521 2108 argento
545 2037 681 2090 sternunt
702 2033 760 2090 iter
783 2048 869 2089 omne
893 2030 1034 2102 viarum,

191 2119 326 2199 largifica
349 2121 426 2196 stipe
450 2118 591 2199 ditantes,
613 2120 798 2196 ninguntque
820 2131 966 2177 rosarum

191 2207 318 2269 floribus
341 2205 514 2267 umbrantes
536 2213 662 2266 matrem
685 2208 886 2282 comitumque
913 2207 1065 2261 catervas.

192 2297 243 2357 bic
266 2302 379 2356 armata
403 2312 520 2374 manus,
543 2293 667 2354 Curetas
689 2295 809 2353 nomine
833 2290 907 2349 Grai
1107 2361 1113 2373 .

124 2402 175 2451 tao
194 2402 270 2463 quos
293 2389 461 2442 memorant
481 2381 633 2462 Phrygios,
656 2384 734 2442 inter
758 2397 790 2439 se
813 2379 892 2437 sorte
918 2367 1128 2469 quodormas
1152 2395 1155 2404 ν

13 2536 18 2545 ,
193 2473 301 2533 ludunt
323 2472 356 2530 in
379 2488 594 2548 numerumque
616 2470 749 2531 exultant
773 2465 924 2542 sanguine
950 2458 1038 2533 laeti,

10 2552 18 2669 1
193 2560 342 2621 terrificas
365 2560 495 2636 capitum
519 2560 683 2635 quatientes
706 2556 840 2616 momine
864 2548 994 2620 cristaS,

194 2647 332 2708 Dictaeos
355 2645 489 2706 referunt
511 2645 646 2727 Curetas,
669 2647 722 2724 qui
744 2641 825 2701 lovis
849 2634 941 2694 illum

195 2737 326 2813 vagitum
348 2736 380 2793 in
404 2732 491 2794 treta
514 2733 661 2812 quondam
686 2727 857 2791 occultasse
881 2720 1039 2791 teruntur,

130 2842 178 2891 635
196 2842 262 2884 cum
285 2823 374 2902 pueri
397 2822 509 2881 circum
531 2840 657 2900 puemm
680 2816 808 2898 pernice
834 2807 951 2867 chorea
1116 2819 1166 2866 oss

197 2913 301 2972 mmati
323 2912 355 2970 in
379 2926 535 2969 numerum
557 2909 714 2988 pulsarent
737 2896 866 2960 aeribus
892 2905 976 2963 aera,
1007 2911 1014 2926 ·
1120 2910 1169 2960 aaz

29 3062 34 3081 Ι
196 3018 231 3060 ne
253 2999 404 3059 Saturnus
427 3015 495 3056 eum
516 2996 601 3057 malis
623 2992 787 3056 mandaret
812 2980 944 3055 adeptus

198 3095 410 3164 aeternumque
433 3085 517 3145 daret
538 3087 626 3144 matri
649 3080 707 3142 sub
732 3078 867 3152 pectore
892 3059 1006 3162 uolnus·

29 3098 47 3321 l
134 3191 184 3243 ⁶40
197 3181 353 3254 propterea
375 3190 511 3250 magnam
532 3180 658 3233 matrem
682 3159 804 3258 armati
829 3151 1027 3245 comitantur,

135 3281 183 3330 tto
200 3271 245 3324 aut
267 3265 337 3341 quia
361 3261 529 3338 significant
550 3260 647 3320 divam
670 3245 869 3335 praedicere
893 3241 928 3293 ut
950 3247 1044 3292 armis

40 3368 48 3523 q
200 3370 230 3412 ac
250 3354 361 3411 virtute
384 3347 476 3408 velint
497 3351 629 3427 patriam·
647 3333 831 3405 defendere
858 3332 971 3382 terram

864 3407 945 3469 tibus
969 3420 1051 3468 esse.

199 3439 403 3518 praesidioque
426 3444 531 3515 parent
555 3435 725 3510 decorique
753 3430 861 3500 paren
936 3507 952 3552 4

49 3608 53 3619 Ι
185 3548 318 3590 nummus.
332 3549 368 3590 ed.
383 3545 510 3597 Briegor.
