<?xml version="1.0" encoding="UTF-8"?>
<!DOCTYPE html PUBLIC "-//W3C//DTD XHTML 1.0 Transitional//EN"
    "http://www.w3.org/TR/xhtml1/DTD/xhtml1-transitional.dtd">
<html xmlns="http://www.w3.org/1999/xhtml" xml:lang="en" lang="en">
 <head>
  <title>
</title>
<meta http-equiv="Content-Type" content="text/html;charset=utf-8" />
  <meta name='ocr-system' content='tesseract 3.04.00' />
  <meta name='ocr-capabilities' content='ocr_page ocr_carea ocr_par ocr_line ocrx_word'/>
</head>
<body>
  <div class='ocr_page' id='page_1' title='image "./dererumnaturali00briegoog_0258.png"; bbox 0 0 2484 3800; ppageno 0'>
   <div class='ocr_carea' id='block_1_1' title="bbox 161 124 669 193">
    <p class='ocr_par' dir='ltr' id='par_1_1' title="bbox 161 124 669 193">
     <span class='ocr_line' id='line_1_1' title="bbox 161 124 669 193; baseline 0 0"><span class='ocrx_word' id='word_1_1' title='bbox 161 128 224 193; x_wconf 90' lang='lat' dir='ltr'><strong>l&#39;lO</strong></span> <span class='ocrx_word' id='word_1_2' title='bbox 642 124 669 180; x_wconf 82' lang='lat' dir='ltr'><strong>V</strong></span> 
     </span>
    </p>
   </div>
   <div class='ocr_carea' id='block_1_2' title="bbox 160 269 1188 2706">
    <p class='ocr_par' dir='ltr' id='par_1_2' title="bbox 160 269 1188 2706">
     <span class='ocr_line' id='line_1_2' title="bbox 160 269 1178 351; baseline 0.001 -17"><span class='ocrx_word' id='word_1_3' title='bbox 160 291 228 340; x_wconf 73' lang='lat'>1415</span> <span class='ocrx_word' id='word_1_4' title='bbox 247 290 317 351; x_wconf 87' lang='lat' dir='ltr'><strong>crgo</strong></span> <span class='ocrx_word' id='word_1_5' title='bbox 335 272 485 331; x_wconf 90' lang='lat' dir='ltr'><strong>bominum</strong></span> <span class='ocrx_word' id='word_1_6' title='bbox 504 288 596 349; x_wconf 87' lang='lat' dir='ltr'><strong>genus</strong></span> <span class='ocrx_word' id='word_1_7' title='bbox 615 273 647 330; x_wconf 92' lang='lat' dir='ltr'><strong>in</strong></span> <span class='ocrx_word' id='word_1_8' title='bbox 665 290 782 332; x_wconf 89' lang='lat' dir='ltr'><strong>cassum</strong></span> <span class='ocrx_word' id='word_1_9' title='bbox 798 272 968 349; x_wconf 80' lang='lat' dir='ltr'><strong>frustraque</strong></span> <span class='ocrx_word' id='word_1_10' title='bbox 982 269 1092 331; x_wconf 88' lang='lat' dir='ltr'><strong>laborat</strong></span> <span class='ocrx_word' id='word_1_11' title='bbox 1109 296 1178 335; x_wconf 70' lang='lat' dir='ltr'><strong>uso</strong></span> 
     </span>
     <span class='ocr_line' id='line_1_3' title="bbox 248 357 1038 439; baseline -0.003 -18"><span class='ocrx_word' id='word_1_12' title='bbox 248 377 365 438; x_wconf 81' lang='lat' dir='ltr'><strong>semper</strong></span> <span class='ocrx_word' id='word_1_13' title='bbox 386 367 416 419; x_wconf 89' lang='lat' dir='ltr'><strong>ct</strong></span> <span class='ocrx_word' id='word_1_14' title='bbox 437 357 472 419; x_wconf 79' lang='lat' dir='ltr'><strong>to</strong></span> <span class='ocrx_word' id='word_1_15' title='bbox 495 360 574 419; x_wconf 91' lang='lat' dir='ltr'><strong>curis</strong></span> <span class='ocrx_word' id='word_1_16' title='bbox 597 361 744 420; x_wconf 83' lang='lat' dir='ltr'><strong>consumit</strong></span> <span class='ocrx_word' id='word_1_17' title='bbox 765 359 902 419; x_wconf 89' lang='lat' dir='ltr'><strong>inanibus</strong></span> <span class='ocrx_word' id='word_1_18' title='bbox 925 377 1038 439; x_wconf 88' lang='lat' dir='ltr'><strong>aevom,</strong></span> 
     </span>
     <span class='ocr_line' id='line_1_4' title="bbox 160 446 1040 527; baseline -0.001 -20"><span class='ocrx_word' id='word_1_19' title='bbox 160 457 234 507; x_wconf 84' lang='grc'><em>1430</em></span> <span class='ocrx_word' id='word_1_20' title='bbox 249 449 401 527; x_wconf 88' lang='lat' dir='ltr'><strong>nimirum,</strong></span> <span class='ocrx_word' id='word_1_21' title='bbox 424 448 573 525; x_wconf 89' lang='lat' dir='ltr'><strong>quianon</strong></span> <span class='ocrx_word' id='word_1_22' title='bbox 596 450 732 526; x_wconf 89' lang='lat' dir='ltr'><strong>cognovit</strong></span> <span class='ocrx_word' id='word_1_23' title='bbox 754 465 829 526; x_wconf 86' lang='lat' dir='ltr'><strong>quae</strong></span> <span class='ocrx_word' id='word_1_24' title='bbox 853 449 892 507; x_wconf 91' lang='lat' dir='ltr'><strong>sit</strong></span> <span class='ocrx_word' id='word_1_25' title='bbox 913 446 1040 507; x_wconf 89' lang='lat' dir='ltr'><strong>habendi</strong></span> 
     </span>
     <span class='ocr_line' id='line_1_5' title="bbox 248 534 1021 614; baseline -0.001 -18"><span class='ocrx_word' id='word_1_26' title='bbox 248 537 315 597; x_wconf 87' lang='lat' dir='ltr'><strong>linis</strong></span> <span class='ocrx_word' id='word_1_27' title='bbox 338 542 368 595; x_wconf 91' lang='lat' dir='ltr'><strong>et</strong></span> <span class='ocrx_word' id='word_1_28' title='bbox 390 536 508 594; x_wconf 90' lang='lat' dir='ltr'><strong>omnino</strong></span> <span class='ocrx_word' id='word_1_29' title='bbox 531 535 626 613; x_wconf 87' lang='lat' dir='ltr'><strong>quoad</strong></span> <span class='ocrx_word' id='word_1_30' title='bbox 649 543 763 597; x_wconf 89' lang='lat' dir='ltr'><strong>crescat</strong></span> <span class='ocrx_word' id='word_1_31' title='bbox 784 553 853 595; x_wconf 90' lang='lat' dir='ltr'><strong>vera</strong></span> <span class='ocrx_word' id='word_1_32' title='bbox 875 534 1021 614; x_wconf 88' lang='lat' dir='ltr'><strong>voluptas:</strong></span> 
     </span>
     <span class='ocr_line' id='line_1_6' title="bbox 249 622 959 702; baseline -0.001 -18"><span class='ocrx_word' id='word_1_33' title='bbox 249 624 337 701; x_wconf 87' lang='lat' dir='ltr'><strong>idque</strong></span> <span class='ocrx_word' id='word_1_34' title='bbox 359 624 525 683; x_wconf 80' lang='lat' dir='ltr'><strong>minutatim</strong></span> <span class='ocrx_word' id='word_1_35' title='bbox 547 625 636 682; x_wconf 89' lang='lat' dir='ltr'><strong>vitam</strong></span> <span class='ocrx_word' id='word_1_36' title='bbox 658 625 793 702; x_wconf 84' lang='lat' dir='ltr'><strong>provexit</strong></span> <span class='ocrx_word' id='word_1_37' title='bbox 814 625 846 683; x_wconf 91' lang='lat' dir='ltr'><strong>in</strong></span> <span class='ocrx_word' id='word_1_38' title='bbox 868 622 959 683; x_wconf 90' lang='lat' dir='ltr'><strong>altum</strong></span> 
     </span>
     <span class='ocr_line' id='line_1_7' title="bbox 163 710 1172 789; baseline -0.003 -11"><span class='ocrx_word' id='word_1_39' title='bbox 163 729 231 777; x_wconf 78' lang='lat'>1420</span> <span class='ocrx_word' id='word_1_40' title='bbox 250 718 280 772; x_wconf 90' lang='lat' dir='ltr'><strong>et</strong></span> <span class='ocrx_word' id='word_1_41' title='bbox 301 710 372 771; x_wconf 88' lang='lat' dir='ltr'><strong>belli</strong></span> <span class='ocrx_word' id='word_1_42' title='bbox 393 728 514 789; x_wconf 89' lang='lat' dir='ltr'><strong>magnos</strong></span> <span class='ocrx_word' id='word_1_43' title='bbox 536 713 693 772; x_wconf 90' lang='lat' dir='ltr'><strong>commovit</strong></span> <span class='ocrx_word' id='word_1_44' title='bbox 715 711 847 772; x_wconf 86' lang='lat' dir='ltr'><strong>funditus</strong></span> <span class='ocrx_word' id='word_1_45' title='bbox 870 718 976 772; x_wconf 90' lang='lat' dir='ltr'><strong>aestus.</strong></span> <span class='ocrx_word' id='word_1_46' title='bbox 1111 734 1172 775; x_wconf 79' lang='lat' dir='ltr'><strong>uas</strong></span> 
     </span>
     <span class='ocr_line' id='line_1_8' title="bbox 292 798 1060 877; baseline 0 -18"><span class='ocrx_word' id='word_1_47' title='bbox 292 798 329 859; x_wconf 81' lang='lat' dir='ltr'><strong>At</strong></span> <span class='ocrx_word' id='word_1_48' title='bbox 351 798 452 877; x_wconf 88' lang='lat' dir='ltr'><strong>vigiles</strong></span> <span class='ocrx_word' id='word_1_49' title='bbox 474 798 577 859; x_wconf 90' lang='lat' dir='ltr'><strong>mundi</strong></span> <span class='ocrx_word' id='word_1_50' title='bbox 599 816 737 877; x_wconf 90' lang='lat' dir='ltr'><strong>magnum</strong></span> <span class='ocrx_word' id='word_1_51' title='bbox 759 798 895 860; x_wconf 80' lang='lat' dir='ltr'><strong>versatile</strong></span> <span class='ocrx_word' id='word_1_52' title='bbox 917 798 1060 877; x_wconf 87' lang='lat' dir='ltr'><strong>templum</strong></span> 
     </span>
     <span class='ocr_line' id='line_1_9' title="bbox 162 886 961 948; baseline 0.003 -3"><span class='ocrx_word' id='word_1_53' title='bbox 162 893 234 945; x_wconf 83' lang='lat'><strong><em>1435</em></strong></span> <span class='ocrx_word' id='word_1_54' title='bbox 250 886 294 947; x_wconf 89' lang='lat' dir='ltr'><strong>sol</strong></span> <span class='ocrx_word' id='word_1_55' title='bbox 315 894 346 947; x_wconf 86' lang='lat' dir='ltr'><strong>ct</strong></span> <span class='ocrx_word' id='word_1_56' title='bbox 367 886 436 948; x_wconf 90' lang='lat' dir='ltr'><strong>luna</strong></span> <span class='ocrx_word' id='word_1_57' title='bbox 458 905 511 947; x_wconf 88' lang='lat' dir='ltr'><strong>suo</strong></span> <span class='ocrx_word' id='word_1_58' title='bbox 534 886 693 947; x_wconf 80' lang='lat' dir='ltr'><strong>lustrantes</strong></span> <span class='ocrx_word' id='word_1_59' title='bbox 715 886 826 947; x_wconf 91' lang='lat' dir='ltr'><strong>lumine</strong></span> <span class='ocrx_word' id='word_1_60' title='bbox 849 888 961 947; x_wconf 89' lang='lat' dir='ltr'><strong>circum</strong></span> 
     </span>
     <span class='ocr_line' id='line_1_10' title="bbox 249 973 1003 1055; baseline -0.001 -20"><span class='ocrx_word' id='word_1_61' title='bbox 249 975 429 1055; x_wconf 87' lang='lat' dir='ltr'><strong>perdocuere</strong></span> <span class='ocrx_word' id='word_1_62' title='bbox 451 973 586 1034; x_wconf 91' lang='lat' dir='ltr'><strong>homines</strong></span> <span class='ocrx_word' id='word_1_63' title='bbox 609 993 753 1035; x_wconf 88' lang='lat' dir='ltr'><strong>annorum</strong></span> <span class='ocrx_word' id='word_1_64' title='bbox 773 983 907 1053; x_wconf 89' lang='lat' dir='ltr'><strong>tempora</strong></span> <span class='ocrx_word' id='word_1_65' title='bbox 928 976 1003 1034; x_wconf 88' lang='lat' dir='ltr'><strong>verti</strong></span> 
     </span>
     <span class='ocr_line' id='line_1_11' title="bbox 250 1063 1037 1143; baseline -0.003 -20"><span class='ocrx_word' id='word_1_66' title='bbox 250 1070 280 1123; x_wconf 91' lang='lat' dir='ltr'><strong>et</strong></span> <span class='ocrx_word' id='word_1_67' title='bbox 302 1070 380 1123; x_wconf 90' lang='lat' dir='ltr'><strong>certa</strong></span> <span class='ocrx_word' id='word_1_68' title='bbox 403 1064 516 1122; x_wconf 89' lang='lat' dir='ltr'><strong>ratione</strong></span> <span class='ocrx_word' id='word_1_69' title='bbox 538 1064 602 1140; x_wconf 91' lang='lat' dir='ltr'><strong>geri</strong></span> <span class='ocrx_word' id='word_1_70' title='bbox 624 1081 688 1123; x_wconf 89' lang='lat' dir='ltr'><strong>rem</strong></span> <span class='ocrx_word' id='word_1_71' title='bbox 710 1070 797 1143; x_wconf 78' lang='lat' dir='ltr'><strong>atquc</strong></span> <span class='ocrx_word' id='word_1_72' title='bbox 821 1063 924 1123; x_wconf 89' lang='lat' dir='ltr'><strong>ordine</strong></span> <span class='ocrx_word' id='word_1_73' title='bbox 947 1069 1037 1123; x_wconf 90' lang='lat' dir='ltr'><strong>certo.</strong></span> 
     </span>
     <span class='ocr_line' id='line_1_12' title="bbox 165 1150 1169 1230; baseline -0.002 -15"><span class='ocrx_word' id='word_1_74' title='bbox 165 1166 233 1216; x_wconf 79' lang='grc'><em>1415</em></span> <span class='ocrx_word' id='word_1_75' title='bbox 294 1151 354 1211; x_wconf 90' lang='lat' dir='ltr'><strong>lam</strong></span> <span class='ocrx_word' id='word_1_76' title='bbox 376 1150 480 1210; x_wconf 91' lang='lat' dir='ltr'><strong>validis</strong></span> <span class='ocrx_word' id='word_1_77' title='bbox 503 1152 595 1228; x_wconf 86' lang='lat' dir='ltr'><strong>saepti</strong></span> <span class='ocrx_word' id='word_1_78' title='bbox 618 1150 762 1229; x_wconf 82' lang='lat' dir='ltr'><strong>degebant</strong></span> <span class='ocrx_word' id='word_1_79' title='bbox 783 1150 916 1211; x_wconf 86' lang='lat' dir='ltr'><strong>turribus</strong></span> <span class='ocrx_word' id='word_1_80' title='bbox 939 1167 1053 1230; x_wconf 87' lang='lat' dir='ltr'><strong>aevom,</strong></span> <span class='ocrx_word' id='word_1_81' title='bbox 1111 1174 1169 1213; x_wconf 75' lang='grc'><em>1441</em></span> 
     </span>
     <span class='ocr_line' id='line_1_13' title="bbox 252 1236 897 1319; baseline -0.002 -20"><span class='ocrx_word' id='word_1_82' title='bbox 252 1247 281 1299; x_wconf 91' lang='lat' dir='ltr'><strong>et</strong></span> <span class='ocrx_word' id='word_1_83' title='bbox 304 1239 396 1298; x_wconf 89' lang='lat' dir='ltr'><strong>divisa</strong></span> <span class='ocrx_word' id='word_1_84' title='bbox 418 1236 567 1299; x_wconf 86' lang='lat' dir='ltr'><strong>colebatur</strong></span> <span class='ocrx_word' id='word_1_85' title='bbox 589 1238 774 1317; x_wconf 86' lang='lat' dir='ltr'><strong>discretaque</strong></span> <span class='ocrx_word' id='word_1_86' title='bbox 796 1238 897 1319; x_wconf 86' lang='lat' dir='ltr'><strong>tellus,</strong></span> 
     </span>
     <span class='ocr_line' id='line_1_14' title="bbox 164 1323 978 1387; baseline 0.004 -4"><span class='ocrx_word' id='word_1_87' title='bbox 164 1334 235 1383; x_wconf 91' lang='grc'><em>1440</em></span> <span class='ocrx_word' id='word_1_88' title='bbox 250 1330 308 1387; x_wconf 92' lang='lat' dir='ltr'><strong>iam</strong></span> <span class='ocrx_word' id='word_1_89' title='bbox 330 1344 410 1386; x_wconf 90' lang='lat' dir='ltr'><strong>marc</strong></span> <span class='ocrx_word' id='word_1_90' title='bbox 432 1325 562 1386; x_wconf 88' lang='lat' dir='ltr'><strong>velivolis</strong></span> <span class='ocrx_word' id='word_1_91' title='bbox 586 1325 709 1386; x_wconf 88' lang='lat' dir='ltr'><strong>florebat</strong></span> <span class='ocrx_word' id='word_1_92' title='bbox 729 1323 861 1387; x_wconf 68' lang='lat' dir='ltr'><strong>navibus</strong></span> <span class='ocrx_word' id='word_1_93' title='bbox 883 1372 978 1387; x_wconf 89' lang='grc'><strong>.....</strong></span> 
     </span>
     <span class='ocr_line' id='line_1_15' title="bbox 251 1413 1041 1494; baseline -0.001 -19"><span class='ocrx_word' id='word_1_94' title='bbox 251 1414 358 1475; x_wconf 85' lang='lat' dir='ltr'><strong>auxilia</strong></span> <span class='ocrx_word' id='word_1_95' title='bbox 380 1432 413 1474; x_wconf 91' lang='lat' dir='ltr'><strong>ac</strong></span> <span class='ocrx_word' id='word_1_96' title='bbox 436 1416 532 1474; x_wconf 90' lang='lat' dir='ltr'><strong>socios</strong></span> <span class='ocrx_word' id='word_1_97' title='bbox 554 1416 612 1474; x_wconf 91' lang='lat' dir='ltr'><strong>iam</strong></span> <span class='ocrx_word' id='word_1_98' title='bbox 634 1422 719 1493; x_wconf 94' lang='lat' dir='ltr'><strong>pacto</strong></span> <span class='ocrx_word' id='word_1_99' title='bbox 742 1414 860 1475; x_wconf 85' lang='lat' dir='ltr'><strong>loedere</strong></span> <span class='ocrx_word' id='word_1_100' title='bbox 882 1413 1041 1494; x_wconf 87' lang='lat' dir='ltr'><strong>habebant,</strong></span> 
     </span>
     <span class='ocr_line' id='line_1_16' title="bbox 251 1501 981 1580; baseline -0.004 -16"><span class='ocrx_word' id='word_1_101' title='bbox 251 1501 429 1564; x_wconf 85' lang='lat' dir='ltr'><strong>carminibus</strong></span> <span class='ocrx_word' id='word_1_102' title='bbox 452 1520 520 1563; x_wconf 90' lang='lat' dir='ltr'><strong>cum</strong></span> <span class='ocrx_word' id='word_1_103' title='bbox 541 1520 590 1561; x_wconf 90' lang='lat' dir='ltr'><strong>res</strong></span> <span class='ocrx_word' id='word_1_104' title='bbox 612 1509 709 1579; x_wconf 87' lang='lat' dir='ltr'><strong>gestas</strong></span> <span class='ocrx_word' id='word_1_105' title='bbox 732 1520 856 1580; x_wconf 88' lang='lat' dir='ltr'><strong>coepere</strong></span> <span class='ocrx_word' id='word_1_106' title='bbox 878 1507 981 1580; x_wconf 75' lang='lat' dir='ltr'><strong>poetae</strong></span> 
     </span>
     <span class='ocr_line' id='line_1_17' title="bbox 166 1588 1167 1668; baseline -0.005 -13"><span class='ocrx_word' id='word_1_107' title='bbox 166 1606 233 1654; x_wconf 83' lang='grc'><em>1430</em></span> <span class='ocrx_word' id='word_1_108' title='bbox 250 1589 380 1650; x_wconf 89' lang='lat' dir='ltr'><strong>tradere:</strong></span> <span class='ocrx_word' id='word_1_109' title='bbox 402 1608 457 1649; x_wconf 92' lang='lat' dir='ltr'><strong>nec</strong></span> <span class='ocrx_word' id='word_1_110' title='bbox 479 1588 571 1649; x_wconf 91' lang='lat' dir='ltr'><strong>multo</strong></span> <span class='ocrx_word' id='word_1_111' title='bbox 593 1589 669 1667; x_wconf 89' lang='lat' dir='ltr'><strong>priu&#39;</strong></span> <span class='ocrx_word' id='word_1_112' title='bbox 692 1596 761 1650; x_wconf 89' lang='lat' dir='ltr'><strong>sunt</strong></span> <span class='ocrx_word' id='word_1_113' title='bbox 783 1589 927 1649; x_wconf 86' lang='lat' dir='ltr'><strong>clementa</strong></span> <span class='ocrx_word' id='word_1_114' title='bbox 949 1596 1076 1668; x_wconf 89' lang='lat' dir='ltr'><strong>reperta.</strong></span> <span class='ocrx_word' id='word_1_115' title='bbox 1110 1612 1167 1651; x_wconf 76' lang='lat' dir='ltr'><strong>rus</strong></span> 
     </span>
     <span class='ocr_line' id='line_1_18' title="bbox 251 1677 1061 1756; baseline 0 -19"><span class='ocrx_word' id='word_1_116' title='bbox 251 1683 407 1756; x_wconf 89' lang='lat' dir='ltr'><strong>propterea</strong></span> <span class='ocrx_word' id='word_1_117' title='bbox 429 1677 499 1755; x_wconf 90' lang='lat' dir='ltr'><strong>quid</strong></span> <span class='ocrx_word' id='word_1_118' title='bbox 523 1679 561 1737; x_wconf 91' lang='lat' dir='ltr'><strong>sit</strong></span> <span class='ocrx_word' id='word_1_119' title='bbox 583 1679 667 1755; x_wconf 89' lang='lat' dir='ltr'><strong>prius</strong></span> <span class='ocrx_word' id='word_1_120' title='bbox 690 1685 787 1738; x_wconf 89' lang='lat' dir='ltr'><strong>actum</strong></span> <span class='ocrx_word' id='word_1_121' title='bbox 809 1680 958 1756; x_wconf 84' lang='lat' dir='ltr'><strong>respicere</strong></span> <span class='ocrx_word' id='word_1_122' title='bbox 982 1684 1061 1738; x_wconf 89' lang='lat' dir='ltr'><strong>aetas</strong></span> 
     </span>
     <span class='ocr_line' id='line_1_19' title="bbox 166 1766 1065 1844; baseline 0.003 -22"><span class='ocrx_word' id='word_1_123' title='bbox 166 1771 235 1822; x_wconf 89' lang='grc'><em>1445</em></span> <span class='ocrx_word' id='word_1_124' title='bbox 251 1772 351 1827; x_wconf 90' lang='lat' dir='ltr'><strong>nostra</strong></span> <span class='ocrx_word' id='word_1_125' title='bbox 373 1766 487 1844; x_wconf 88' lang='lat' dir='ltr'><strong>nequit,</strong></span> <span class='ocrx_word' id='word_1_126' title='bbox 509 1766 568 1824; x_wconf 90' lang='lat' dir='ltr'><strong>nisi</strong></span> <span class='ocrx_word' id='word_1_127' title='bbox 591 1783 649 1843; x_wconf 86' lang='lat' dir='ltr'><strong>qua</strong></span> <span class='ocrx_word' id='word_1_128' title='bbox 670 1767 745 1825; x_wconf 91' lang='lat' dir='ltr'><strong>ratio</strong></span> <span class='ocrx_word' id='word_1_129' title='bbox 768 1767 891 1843; x_wconf 90' lang='lat' dir='ltr'><strong>vestigia</strong></span> <span class='ocrx_word' id='word_1_130' title='bbox 912 1773 1065 1826; x_wconf 88' lang='lat' dir='ltr'><strong>monstrat</strong></span> 
     </span>
     <span class='ocr_line' id='line_1_20' title="bbox 295 1850 1001 1933; baseline 0.003 -21"><span class='ocrx_word' id='word_1_131' title='bbox 295 1850 414 1931; x_wconf 87' lang='lat' dir='ltr'><strong>Navigia</strong></span> <span class='ocrx_word' id='word_1_132' title='bbox 436 1859 522 1931; x_wconf 90' lang='lat' dir='ltr'><strong>atque</strong></span> <span class='ocrx_word' id='word_1_133' title='bbox 546 1855 608 1931; x_wconf 86' lang='lat' dir='ltr'><strong>agri</strong></span> <span class='ocrx_word' id='word_1_134' title='bbox 631 1852 761 1915; x_wconf 88' lang='lat' dir='ltr'><strong>culturas</strong></span> <span class='ocrx_word' id='word_1_135' title='bbox 783 1855 899 1915; x_wconf 89' lang='lat' dir='ltr'><strong>moenia</strong></span> <span class='ocrx_word' id='word_1_136' title='bbox 921 1853 1001 1933; x_wconf 90' lang='lat' dir='ltr'><strong>leges</strong></span> 
     </span>
     <span class='ocr_line' id='line_1_21' title="bbox 212 1942 1188 2020; baseline 0 -18"><span class='ocrx_word' id='word_1_137' title='bbox 212 1983 214 1990; x_wconf 87' lang='lat'>-</span> <span class='ocrx_word' id='word_1_138' title='bbox 252 1959 331 2002; x_wconf 92' lang='lat' dir='ltr'><strong>arma</strong></span> <span class='ocrx_word' id='word_1_139' title='bbox 353 1943 415 2000; x_wconf 90' lang='lat' dir='ltr'><strong>vias</strong></span> <span class='ocrx_word' id='word_1_140' title='bbox 437 1948 533 2001; x_wconf 87' lang='lat' dir='ltr'><strong>vestes</strong></span> <span class='ocrx_word' id='word_1_141' title='bbox 555 1943 585 2003; x_wconf 78' lang='lat' dir='ltr'><strong>et</strong></span> <span class='ocrx_word' id='word_1_142' title='bbox 604 1949 701 2002; x_wconf 89' lang='lat' dir='ltr'><strong>cetera</strong></span> <span class='ocrx_word' id='word_1_143' title='bbox 724 1942 760 2002; x_wconf 88' lang='lat' dir='ltr'><strong>dc</strong></span> <span class='ocrx_word' id='word_1_144' title='bbox 783 1960 890 2020; x_wconf 84' lang='lat' dir='ltr'><strong>genere</strong></span> <span class='ocrx_word' id='word_1_145' title='bbox 913 1942 1019 2002; x_wconf 90' lang='lat' dir='ltr'><strong>borum</strong></span> <span class='ocrx_word' id='word_1_146' title='bbox 1184 2011 1188 2018; x_wconf 41' lang='lat'>‚</span> 
     </span>
     <span class='ocr_line' id='line_1_22' title="bbox 167 2027 1165 2110; baseline 0.001 -18"><span class='ocrx_word' id='word_1_147' title='bbox 167 2044 233 2094; x_wconf 78' lang='grc'><em>1405</em></span> <span class='ocrx_word' id='word_1_148' title='bbox 252 2031 394 2109; x_wconf 86' lang='lat' dir='ltr'><strong>praemia,</strong></span> <span class='ocrx_word' id='word_1_149' title='bbox 417 2027 537 2089; x_wconf 91' lang='lat' dir='ltr'><strong>delicias</strong></span> <span class='ocrx_word' id='word_1_150' title='bbox 561 2047 677 2108; x_wconf 87' lang='lat' dir='ltr'><strong>quoque</strong></span> <span class='ocrx_word' id='word_1_151' title='bbox 699 2031 775 2090; x_wconf 90' lang='lat' dir='ltr'><strong>vitae</strong></span> <span class='ocrx_word' id='word_1_152' title='bbox 798 2030 930 2091; x_wconf 84' lang='lat' dir='ltr'><strong>funditus</strong></span> <span class='ocrx_word' id='word_1_153' title='bbox 953 2033 1063 2110; x_wconf 90' lang='lat' dir='ltr'><strong>omnis,</strong></span> <span class='ocrx_word' id='word_1_154' title='bbox 1109 2051 1165 2093; x_wconf 73' lang='lat' dir='ltr'><strong>raso</strong></span> 
     </span>
     <span class='ocr_line' id='line_1_23' title="bbox 252 2116 987 2199; baseline 0.001 -22"><span class='ocrx_word' id='word_1_155' title='bbox 252 2119 393 2197; x_wconf 88' lang='lat' dir='ltr'><strong>carmina,</strong></span> <span class='ocrx_word' id='word_1_156' title='bbox 415 2119 558 2198; x_wconf 87' lang='lat' dir='ltr'><strong>picturas,</strong></span> <span class='ocrx_word' id='word_1_157' title='bbox 582 2124 611 2177; x_wconf 90' lang='lat' dir='ltr'><strong>ct</strong></span> <span class='ocrx_word' id='word_1_158' title='bbox 634 2117 752 2178; x_wconf 87' lang='lat' dir='ltr'><strong>daedala</strong></span> <span class='ocrx_word' id='word_1_159' title='bbox 775 2120 858 2196; x_wconf 91' lang='lat' dir='ltr'><strong>signa</strong></span> <span class='ocrx_word' id='word_1_160' title='bbox 880 2116 987 2199; x_wconf 83' lang='lat' dir='ltr'><strong>polire,</strong></span> 
     </span>
     <span class='ocr_line' id='line_1_24' title="bbox 165 2204 983 2284; baseline 0.007 -23"><span class='ocrx_word' id='word_1_161' title='bbox 165 2212 236 2262; x_wconf 89' lang='grc'><em>1450</em></span> <span class='ocrx_word' id='word_1_162' title='bbox 251 2223 323 2266; x_wconf 89' lang='lat' dir='ltr'><strong>usus</strong></span> <span class='ocrx_word' id='word_1_163' title='bbox 346 2211 376 2265; x_wconf 88' lang='lat' dir='ltr'><strong>et</strong></span> <span class='ocrx_word' id='word_1_164' title='bbox 398 2207 539 2283; x_wconf 83' lang='lat' dir='ltr'><strong>impigrae</strong></span> <span class='ocrx_word' id='word_1_165' title='bbox 563 2204 650 2266; x_wconf 88' lang='lat' dir='ltr'><strong>simul</strong></span> <span class='ocrx_word' id='word_1_166' title='bbox 673 2207 853 2284; x_wconf 84' lang='lat' dir='ltr'><strong>experientia</strong></span> <span class='ocrx_word' id='word_1_167' title='bbox 876 2207 983 2267; x_wconf 91' lang='lat' dir='ltr'><strong>mentis</strong></span> 
     </span>
     <span class='ocr_line' id='line_1_25' title="bbox 252 2292 993 2372; baseline 0.003 -20"><span class='ocrx_word' id='word_1_168' title='bbox 252 2292 391 2372; x_wconf 92' lang='lat' dir='ltr'><strong>paulatim</strong></span> <span class='ocrx_word' id='word_1_169' title='bbox 414 2293 513 2353; x_wconf 92' lang='lat' dir='ltr'><strong>docuit</strong></span> <span class='ocrx_word' id='word_1_170' title='bbox 534 2292 745 2372; x_wconf 89' lang='lat' dir='ltr'><strong>pedetemptim</strong></span> <span class='ocrx_word' id='word_1_171' title='bbox 767 2294 993 2372; x_wconf 90' lang='lat' dir='ltr'><strong>progredientis.</strong></span> 
     </span>
     <span class='ocr_line' id='line_1_26' title="bbox 253 2379 1005 2460; baseline 0 -20"><span class='ocrx_word' id='word_1_172' title='bbox 253 2383 296 2441; x_wconf 92' lang='lat' dir='ltr'><strong>sic</strong></span> <span class='ocrx_word' id='word_1_173' title='bbox 318 2399 409 2441; x_wconf 90' lang='lat' dir='ltr'><strong>unum</strong></span> <span class='ocrx_word' id='word_1_174' title='bbox 432 2379 571 2459; x_wconf 87' lang='lat' dir='ltr'><strong>quicquid</strong></span> <span class='ocrx_word' id='word_1_175' title='bbox 594 2380 734 2458; x_wconf 92' lang='lat' dir='ltr'><strong>paulatim</strong></span> <span class='ocrx_word' id='word_1_176' title='bbox 757 2381 902 2460; x_wconf 85' lang='lat' dir='ltr'><strong>protrahit</strong></span> <span class='ocrx_word' id='word_1_177' title='bbox 925 2388 1005 2442; x_wconf 87' lang='lat' dir='ltr'><strong>actas</strong></span> 
     </span>
     <span class='ocr_line' id='line_1_27' title="bbox 166 2468 1166 2548; baseline 0.004 -20"><span class='ocrx_word' id='word_1_178' title='bbox 166 2485 234 2534; x_wconf 83' lang='lat'>1440</span> <span class='ocrx_word' id='word_1_179' title='bbox 252 2471 283 2528; x_wconf 92' lang='lat' dir='ltr'><strong>in</strong></span> <span class='ocrx_word' id='word_1_180' title='bbox 305 2468 435 2528; x_wconf 89' lang='lat' dir='ltr'><strong>medium</strong></span> <span class='ocrx_word' id='word_1_181' title='bbox 458 2469 590 2546; x_wconf 82' lang='lat' dir='ltr'><strong>ratioque</strong></span> <span class='ocrx_word' id='word_1_182' title='bbox 613 2470 645 2528; x_wconf 90' lang='lat' dir='ltr'><strong>in</strong></span> <span class='ocrx_word' id='word_1_183' title='bbox 666 2468 787 2529; x_wconf 89' lang='lat' dir='ltr'><strong>luminis</strong></span> <span class='ocrx_word' id='word_1_184' title='bbox 810 2472 898 2548; x_wconf 88' lang='lat' dir='ltr'><strong>erigit</strong></span> <span class='ocrx_word' id='word_1_185' title='bbox 921 2487 1000 2530; x_wconf 87' lang='lat' dir='ltr'><strong>oras:</strong></span> <span class='ocrx_word' id='word_1_186' title='bbox 1112 2492 1166 2532; x_wconf 77' lang='lat' dir='ltr'><strong>nas</strong></span> 
     </span>
     <span class='ocr_line' id='line_1_28' title="bbox 252 2554 1053 2635; baseline 0.002 -20"><span class='ocrx_word' id='word_1_187' title='bbox 252 2574 376 2635; x_wconf 89' lang='lat' dir='ltr'><strong>namque</strong></span> <span class='ocrx_word' id='word_1_188' title='bbox 400 2555 457 2615; x_wconf 91' lang='lat' dir='ltr'><strong>alid</strong></span> <span class='ocrx_word' id='word_1_189' title='bbox 480 2564 516 2615; x_wconf 88' lang='grc'><strong>011</strong></span> <span class='ocrx_word' id='word_1_190' title='bbox 539 2554 596 2615; x_wconf 92' lang='lat' dir='ltr'><strong>alio</strong></span> <span class='ocrx_word' id='word_1_191' title='bbox 619 2555 781 2617; x_wconf 87' lang='lat' dir='ltr'><strong>clarescere</strong></span> <span class='ocrx_word' id='word_1_192' title='bbox 804 2557 894 2617; x_wconf 86' lang='lat' dir='ltr'><strong>cordi&#39;</strong></span> <span class='ocrx_word' id='word_1_193' title='bbox 914 2557 1053 2618; x_wconf 83' lang='lat' dir='ltr'><strong>videbant</strong></span> 
     </span>
     <span class='ocr_line' id='line_1_29' title="bbox 165 2643 1009 2706; baseline 0.007 -6"><span class='ocrx_word' id='word_1_194' title='bbox 165 2651 235 2702; x_wconf 87' lang='grc'><em>1455</em></span> <span class='ocrx_word' id='word_1_195' title='bbox 252 2643 363 2704; x_wconf 87' lang='lat' dir='ltr'><strong>artibus</strong></span> <span class='ocrx_word' id='word_1_196' title='bbox 386 2644 422 2704; x_wconf 93' lang='lat' dir='ltr'><strong>ad</strong></span> <span class='ocrx_word' id='word_1_197' title='bbox 446 2660 592 2704; x_wconf 88' lang='lat' dir='ltr'><strong>summum</strong></span> <span class='ocrx_word' id='word_1_198' title='bbox 615 2644 709 2705; x_wconf 92' lang='lat' dir='ltr'><strong>donec</strong></span> <span class='ocrx_word' id='word_1_199' title='bbox 731 2663 837 2705; x_wconf 86' lang='lat' dir='ltr'><strong>venere</strong></span> <span class='ocrx_word' id='word_1_200' title='bbox 860 2663 1009 2706; x_wconf 87' lang='lat' dir='ltr'><strong>cacumen.</strong></span> 
     </span>
    </p>
   </div>
   <div class='ocr_carea' id='block_1_3' title="bbox 0 0 1248 3800">
    <p class='ocr_par' dir='ltr' id='par_1_3' title="bbox 0 0 1248 3800">
     <span class='ocr_line' id='line_1_30' title="bbox 0 0 1248 3800; baseline 0 0"><span class='ocrx_word' id='word_1_201' title='bbox 0 0 1248 3800; x_wconf 95' lang='lat' dir='ltr'><strong> </strong></span> 
     </span>
    </p>
   </div>
  </div>
 </body>
</html>
