2484 3800
532 176 572 234 VI
996 181 1060 245 193

120 331 256 405 tempore
280 344 315 387 eo
339 328 365 387 si
388 327 538 388 odoratast
561 346 618 407 quo
642 335 795 389 menstrua
818 328 912 391 solvit.

45 429 100 481 000
121 413 273 493 multaque
295 422 448 493 praeterea
472 415 641 493 languentia
663 416 796 476 membra
817 436 872 496 per
894 425 975 478 artus

123 501 240 563 solvunt
263 509 350 581 atque
374 506 501 564 animam
523 503 699 567 labefactant
721 504 841 565 sedibus
863 508 953 567 intus.

123 590 252 669 denique
276 593 302 651 si
326 591 428 652 calidis
451 594 540 653 etiam
563 600 703 654 cunctere
726 592 852 653 lavabris

43 686 107 737 800
120 678 240 758 plenior
263 686 293 739 et
315 680 421 760 fueris,
444 678 517 740 solio
540 681 681 741 ferventis
704 683 790 760 aquai
1019 705 1061 746 eoo

124 785 213 845 quam
236 766 321 827 facile
344 770 375 828 in
397 768 494 829 medio
517 770 550 829 fit
572 770 617 830 uti
639 770 692 829 des
715 788 802 848 saepe
825 767 939 830 ruinas!

44 870 101 920 795
123 854 345 934 carbonumque
368 859 464 935 gravis
487 858 532 917 vis
555 865 642 936 atque
665 857 739 917 odor
760 859 928 918 insinuatur

124 961 213 1021 quam
232 943 317 1003 facile
336 946 366 1003 in
383 944 547 1025 cerebrum,
566 948 627 1007 nisi
640 964 744 1025 aquam
758 948 964 1025 praecepimus
978 944 1058 1007 antei

124 1038 155 1091 at
177 1049 245 1091 oum
267 1032 399 1093 membra
421 1032 549 1093 bominis
572 1036 707 1113 percepit
729 1034 869 1094 fervidior
890 1036 949 1115 vis,

549 1140 566 1178 *

45 1214 107 1267 805
125 1214 190 1267 tum
212 1208 246 1268 fit
269 1207 342 1268 odor
363 1210 426 1268 vini
447 1208 549 1289 plagae
571 1209 736 1270 mactabilis
758 1212 859 1271 instar.
1020 1232 1060 1273 soc

123 1314 222 1356 nonne
245 1296 328 1356 vides
351 1296 440 1357 etiam
461 1304 542 1357 terra
565 1291 809 1377 quoque'sulpur
831 1300 863 1358 in
885 1300 950 1377 ipsa

44 1401 102 1451 800
125 1386 240 1463 gignier
264 1390 293 1445 et
315 1391 409 1445 taetro
432 1403 624 1446 concrescere
648 1385 738 1446 odore
760 1385 907 1467 bitumen3

124 1472 252 1551 denique
276 1471 328 1533 ubi
351 1475 465 1551 argenti
486 1490 575 1533 venas
599 1476 722 1553 aurique
748 1481 902 1555 secuntur,

41 1596 44 1607 ·
123 1563 215 1621 terrai
237 1563 356 1640 penitus
380 1568 544 1622 scrutantes
567 1561 665 1622 abdita
687 1562 780 1642 ferro,

45 1657 107 1708 810
123 1647 219 1728 qualis
241 1650 357 1728 expiret
380 1649 570 1729 Scaptensula
596 1650 699 1711 subter
722 1647 849 1711 odores?
1021 1674 1061 1715 sio

125 1737 233 1816 quidve
256 1736 325 1797 mali
348 1738 381 1797 frt
402 1745 437 1797 ut
460 1737 595 1799 exhalent
617 1745 719 1799 aurata
740 1737 869 1800 metalla!
1105 1735 1111 1746 '

45 1841 103 1893 808
125 1844 199 1905 quas
221 1825 374 1887 bominum
397 1827 525 1888 reddunt
547 1827 638 1888 facies
661 1827 813 1907 qualisque
837 1825 964 1889 colores!

124 1932 223 1975 noune
245 1915 327 1975 vides
351 1915 470 1976 audisve
493 1918 591 1995 perire
614 1919 646 1977 in
668 1923 802 1995 tempore
823 1936 912 1996 parvo

39 2034 43 2043 ·
125 2021 213 2081 quam
237 2001 362 2083 soleant,
385 2010 415 2063 et
437 2022 525 2082 (pram
547 2006 617 2065 vitai
640 2006 725 2083 copia
747 2003 837 2084 desit,

44 2097 108 2150 815
125 2108 199 2170 quos
222 2109 311 2169 opere
335 2094 367 2151 in
388 2091 440 2151 tali
462 2091 580 2152 cohibet
601 2094 647 2152 vis
669 2109 773 2168 magna
796 2086 949 2152 necessis‘?
1020 2112 1061 2154 erc

125 2178 181 2239 hos
204 2181 294 2258 igitur
317 2179 404 2240 tellus
426 2181 523 2260 omnis
547 2186 699 2240 exaestuat
720 2185 819 2238 aestus

46 2285 105 2335 810
126 2269 298 2346 expiratque
320 2268 400 2328 foras
422 2269 453 2326 in
476 2273 609 2346 apertum
632 2274 826 2347 promptaque
849 2265 931 2325 caeli.

171 2354 221 2416 Sic
244 2362 274 2416 et
296 2356 410 2417 Averna
432 2354 496 2415 loca
518 2354 637 2415 alitibus
660 2357 843 2416 summittere
867 2353 977 2414 debent

40 2477 43 2486 .
126 2444 307 2504 mortiferam
330 2447 402 2524 vim,
425 2444 461 2504 de
485 2450 564 2504 terra
587 2461 662 2522 quae
685 2445 781 2522 surgit
802 2443 834 2502 in
857 2458 956 2523 auras,

44 2540 112 2593 820
126 2539 160 2591 ut
183 2533 309 2611 spatium
333 2532 406 2593 caeli
430 2531 554 2610 quadam
577 2532 614 2592 de
636 2538 720 2611 parte
743 2537 880 2611 venenet3
1020 2551 1061 2592 ceo

127 2637 184 2697 quo
208 2620 296 2680 simul
319 2639 352 2680 ac
374 2623 503 2700 primum
525 2622 632 2700 pennis
656 2619 751 2680 delata
773 2621 812 2680 sit
834 2617 908 2699 ales,

46 2721 106 2774 815
126 2707 304 2786 impediatur
326 2707 369 2768 ibi
391 2727 477 2769 caeco
501 2716 636 2788 correpta
658 2725 785 2789 veneno,

125 2803 159 2856 ut
182 2796 266 2856 cadat
289 2814 305 2856 e
329 2798 449 2876 regione
472 2796 542 2877 loci,
565 2815 623 2876 qua
646 2796 754 2875 derigit
775 2802 883 2855 aestus.

40 2911 43 2919 ·
127 2901 185 2961 quo
208 2903 276 2945 oum
299 2887 428 2966 conruit,
450 2885 500 2945 bio
523 2885 625 2945 eadem
647 2886 692 2944 vis
715 2883 795 2943 illius
819 2889 918 2942 aestus

48 2978 112 3031 825
124 2971 264 3051 reliquias
287 2975 363 3033 vitae
387 2973 528 3034 membris
552 2991 588 3033 ex
611 2971 748 3032 omnibus
772 2971 873 3032 aufert.
1020 2990 1061 3032 arc

126 3063 236 3139 quippe
263 3063 372 3122 etenim
397 3063 494 3140 primo
517 3062 602 3139 quasi
625 3060 771 3139 quendam
794 3060 910 3119 conciet
933 3064 1060 3119 aestum:

49 3163 107 3212 820
124 3151 273 3227 posterius
296 3151 330 3209 fit
351 3151 408 3230 uti,
432 3167 499 3209 cum
522 3151 580 3208 iam
603 3148 738 3209 cecidere
761 3149 868 3208 veneni

125 3239 156 3296 in
180 3238 269 3298 fontis
292 3240 386 3317 ipsos,
412 3236 454 3298 ibi
478 3239 517 3296 sit
539 3255 656 3316 quoque
678 3239 737 3298 vita
759 3234 901 3297 comenda

124 3333 281 3404 propterea
305 3325 382 3405 quod
405 3343 510 3404 magna
532 3325 602 3386 mali
625 3327 659 3386 fit
680 3327 763 3404 copia
787 3327 907 3386 circum.

50 3421 110 3474 830
168 3413 216 3474 Fit
230 3433 348 3493 quoque
357 3420 391 3474 ut
399 3413 548 3474 interdum
558 3415 602 3473 vis
612 3414 684 3475 baec
694 3421 781 3493 atque
791 3420 890 3474 aestus
899 3412 1008 3472 Averni
1021 3432 1062 3474 sao

126 3505 206 3582 aira,
229 3505 281 3580 qui
304 3505 382 3562 inter
405 3505 466 3564 avis
489 3509 645 3581 cumquest
667 3508 836 3583 terramque
859 3500 984 3580 locatus,

92 3599 250 3652 'Lucrumus
265 3611 299 3652 ed.
313 3612 440 3663 Brieger.
815 3607 846 3656 13
