2484 3800
144 150 187 213 42
631 150 657 203 Il

215 300 366 376 sanguinis
389 300 527 376 expirans
550 296 678 358 calidum
701 296 737 357 de
760 302 878 375 pectore
902 293 1028 355 flumen:

145 394 196 443 eoo
216 393 246 446 at
268 394 361 446 mater
384 385 486 446 viridis
510 384 602 446 saltus
626 384 727 445 orbata
749 400 908 463 peragrans

215 476 311 534 noscit
332 474 415 534 bumi
437 473 563 552 pedibus
585 475 709 551 vestigia
730 490 833 551 pressa
854 468 991 548 bisulcis,

216 563 314 621 omnia
336 564 492 622 convisens
515 561 608 622 oculis
631 560 707 642 loca,
730 563 756 621 si
779 566 867 639 queat
888 575 1013 637 usquam

216 652 387 728 conspicere
410 652 552 710 amissum
574 650 680 729 fetum,
703 647 890 727 completque
912 642 1054 725 querellis

216 738 409 798 frondiferum
432 738 529 798 nemu'
552 737 731 818 subsistens,
754 744 784 797 et
807 734 911 796 crebra
933 733 1038 794 revisit

147 834 199 883 360
217 826 254 886 ad
277 825 437 907 stabulum,
459 824 607 886 desiderio
630 826 742 903 perfixa
765 826 897 903 iuvenci,

217 933 272 975 nec
294 922 413 974 tenerae
437 912 542 973 salices
564 920 652 991 atque
675 913 783 973 herbae
806 929 874 972 rore
897 912 1032 989 vigentes

217 1002 396 1081 fluminaque
419 1000 469 1061 illa
491 1008 603 1083 queunt
626 1002 750 1061 summis
772 999 901 1061 labentia
923 998 998 1075 ripis

219 1090 364 1151 oblectare
388 1091 517 1149 animum
540 1088 697 1168 subitoque
723 1096 855 1150 avertere
879 1104 995 1165 curam,

218 1197 273 1238 nec
295 1177 453 1238 vitulomm
476 1176 550 1237 aliae
574 1179 690 1255 species
712 1194 767 1255 per
789 1174 895 1255 pabula
917 1173 995 1234 laeta

149 1273 200 1321 sco
219 1266 352 1325 derivare
375 1272 487 1344 queunt
510 1266 641 1325 animum
664 1282 793 1343 curaque
817 1263 927 1325 levare:

218 1372 312 1433 usque
335 1354 408 1414 adeo
430 1353 568 1431 quiddam
590 1354 745 1431 proprium
767 1358 928 1430 notumque
951 1349 1090 1427 requirit

219 1448 372 1520 praeterea
394 1443 490 1501 teneri
513 1440 650 1501 tremulis
672 1458 740 1500 cum
763 1439 885 1500 vocibus
908 1437 996 1499 haedi

220 1531 388 1606 cornigeras
410 1536 520 1588 norunt
541 1535 664 1607 matres,
688 1530 813 1607 agnique
836 1526 948 1606 petulci

219 1616 368 1676 balantum
390 1616 532 1694 pecudes:
554 1618 608 1695 ita,
632 1615 710 1694 quod
732 1623 838 1676 natura
860 1616 1007 1693 reposcit,

150 1711 202 1760 370
220 1703 256 1764 ad
280 1721 332 1762 sna
355 1705 480 1781 quisque
502 1704 564 1763 fere
587 1702 749 1764 decurrunt
771 1703 864 1767 ubera
886 1702 979 1763 lactis.

220 1797 369 1869 postremo
392 1789 514 1867 quodvis
536 1791 717 1851 frumentum
740 1809 799 1851 non
822 1798 922 1851 tamen
945 1806 1033 1849 omne

222 1880 331 1958 quique
354 1896 407 1938 suo
430 1896 537 1957 genere
559 1881 639 1940 inter
662 1896 694 1940 se
717 1878 814 1941 simile
837 1897 903 1940 esse
927 1876 1058 1958 videbis,

222 1969 293 2046 quin
315 1968 494 2026 intercurrat
515 1968 658 2046 quaedam
681 1968 821 2028 distantia
844 1967 957 2028 formis.

222 2053 457 2132 concharumque
479 2072 572 2133 genus
595 2053 683 2133 parili
704 2058 819 2116 ratione
841 2055 977 2115 videmus

152 2149 203 2198 375
222 2145 343 2221 pingere
365 2140 480 2202 telluris
503 2144 661 2223 gremium,
685 2160 742 2221 qua
764 2142 904 2203 mollibus
928 2141 1017 2203 undis

221 2230 317 2290 litoris
340 2232 455 2289 incurvi
476 2228 607 2289 bibulam
629 2231 709 2308 pavit
731 2248 843 2310 aequor
864 2230 1015 2291 harenam.

223 2335 313 2396 quare
336 2319 424 2377 eliam
446 2324 533 2395 atque
556 2319 645 2377 etiam
669 2317 759 2378 simili
782 2320 896 2379 ratione
919 2324 1092 2399 necessest,

222 2412 326 2465 natura
348 2407 486 2483 quoniam
508 2410 644 2464 constant
666 2423 762 2483 neque
785 2407 861 2466 faeta
884 2424 973 2467 manu
998 2413 1071 2466 sunt

223 2495 311 2551 unius
334 2492 370 2552 ad
393 2499 503 2552 certam
526 2491 650 2552 formam
673 2493 835 2571 primordia
858 2512 973 2575 rerum,

154 2585 206 2634 380
223 2577 360 2638 dissimili
383 2580 461 2639 inter
483 2597 515 2638 se
538 2579 682 2656 quaedam
704 2579 826 2642 volitare
850 2583 953 2660 figura.

645 2685 664 2725 s

224 2752 391 2829 perfacilest
413 2756 503 2813 animi
525 2754 638 2813 ratione
662 2755 813 2817 exsolvere
836 2757 923 2818 nobis

226 2856 316 2916 quare
338 2839 496 2900 fulmineus
517 2840 610 2900 multo
633 2843 813 2919 penetralior
835 2846 915 2923 ignis

227 2942 313 3002 quam
335 2935 437 2987 noster
459 2928 520 2987 fuat
542 2945 558 2986 e
581 2929 676 2990 taedis
699 2931 894 2994 terrestribus
918 2939 1016 2994 ortus:

226 3011 324 3072 dicere
348 3016 426 3073 enim
448 3017 545 3093 possis
568 3015 724 3078 caelestem
748 3018 881 3080 fulminis
904 3023 1005 3099 ignem

157 3106 208 3156 385
227 3098 365 3159 subtilem
386 3104 479 3179 magis
502 3121 518 3162 e
540 3104 638 3181 parvis
662 3113 798 3166 constare
822 3108 927 3186 figuris

227 3193 314 3263 atque
336 3186 402 3246 ideo
425 3192 552 3250 transire
574 3191 718 3252 foramina
741 3212 816 3272 quae
838 3198 945 3274 nequit
966 3198 1048 3274 ignis

227 3280 328 3333 noster
350 3273 398 3333 hic
420 3293 436 3334 e
459 3275 546 3354 lignis
570 3286 653 3339 ortus
675 3281 819 3360 taedaque
844 3291 971 3344 creatus.

227 3368 377 3439 praeterea
399 3361 499 3423 lumen
522 3383 575 3442 per
598 3384 722 3428 cornum
744 3372 865 3452 transit,
889 3379 919 3432 at
942 3371 1042 3432 imber

228 3451 385 3526 respuitur.
427 3449 538 3526 quare?
574 3456 633 3514 nisi
655 3455 776 3516 luminis
798 3457 849 3518 illa
871 3462 989 3520 minora
