2484 3800
164 127 279 182 XXXVI
526 125 808 183 PROLEGOMENA.

163 271 242 355 465,
273 276 332 335 nisi
359 273 437 354 quod
464 273 507 335 ibi
534 293 593 337 non
619 283 700 337 recte
726 271 826 336 incol'
852 291 1023 351 vacansque
1049 275 1171 352 scripsi:

163 360 270 423 tollunt
282 362 431 422 Lm.B.lllr.
446 395 487 404 -
503 359 569 425 350
582 383 625 442 sq.
643 362 731 442 quod,
748 361 813 424 orel
829 361 944 424 inania
959 360 1025 423 slot
1036 355 1172 444 (Giton),

164 469 227 529 quo
256 453 382 530 possent
417 444 489 533 (00.
520 450 670 532 Postgate,
705 453 806 512 Ioum.
839 452 871 511 ol
899 450 971 511 Phil.
999 451 1063 510 XVI
1089 444 1171 533 278)
1234 452 1235 477 ³

164 557 291 617 corporo
316 557 451 618 quaeque
477 538 622 616 tranche,
652 537 738 601 loood
762 537 829 600 otta
853 537 923 620 fieri
948 537 1067 600 rotrone
1088 535 1173 599 oide-
1234 540 1235 615 l

163 645 228 688 res:
259 625 329 708 fieri
356 627 379 687 0
407 630 438 688 in
468 627 556 689 litura
584 623 635 710 (cf.
661 627 724 690 Lm.
752 622 892 712 comm),
922 645 976 707 pro
1005 645 1062 706 quo
1089 623 1172 688 oote-
1234 634 1235 719 l

164 718 233 776 root
253 716 277 787 Q
301 723 331 776 et
353 716 486 778 schedae.
529 714 610 794 qood
633 714 699 777 nisi
793 715 860 778 slot
878 734 942 794 qua
957 718 1084 794 possent
1105 761 1170 791 ...‚

165 801 440 884 ...peroratione
461 802 577 866 videres
599 804 662 864 Lm.
684 803 857 883 quodnisi.
897 822 960 882 quo
976 821 1170 882 corpora...
1234 824 1235 837 ¹

164 889 300 954 valerent
315 938 461 968 .......
478 891 549 972 pieri
575 892 694 955 rotrone
719 891 836 954 ot'clercs
856 892 889 952 B.
916 891 997 970 qood
1020 890 1086 953 nisi
1104 940 1111 952 .
1127 938 1135 951 .
1150 938 1171 967 .‚

164 999 228 1059 qua
236 979 380 1060 possent.
395 1028 402 1040 .
416 1027 424 1042 .
439 978 593 1043 trooso'rc?
619 979 726 1043 houd.
741 1028 748 1042 .
763 1027 770 1042 .
783 979 907 1042 videres.
922 981 974 1041 ΜΓ.
985 1014 1027 1024 -
1038 978 1100 1042 361
1116 998 1172 1041 oon

165 1070 219 1130 out
241 1068 346 1130 micros
368 1069 456 1130 Goch.
481 1077 592 1147 quaest.
638 1070 754 1131 Lucret.
777 1089 804 1148 p.
829 1067 870 1131 28
894 1070 960 1129 Mr.:
981 1087 1114 1130 oaeneon
1137 1069 1171 1129 0.
1234 1096 1235 1111 .

164 1156 287 1218 oooolm
308 1158 333 1229 Q
356 1164 386 1217 et
409 1158 542 1218 schedae.
561 1192 602 1201 —
623 1155 797 1220 385-388
820 1175 925 1218 vereor
947 1164 980 1218 ut
1001 1160 1099 1218 omnia
1121 1158 1172 1217 hic

166 1265 237 1306 sana
256 1249 324 1327 sint,
342 1246 378 1306 cl.
393 1245 506 1306 Susem.
521 1245 620 1326 philol.
635 1246 728 1306 XXIII
740 1243 805 1308 463
816 1265 873 1324 sq.:
892 1253 992 1306 utrum
1004 1254 1104 1306 tamen
1118 1245 1171 1306 ali-
1234 1236 1235 1277 l

168 1334 238 1412 quid
253 1333 397 1394 exciderit
410 1352 447 1394 an
461 1342 547 1413 poeta
560 1335 765 1413 neglegentius
779 1337 940 1415 scripserit,
959 1352 1019 1394 non
1033 1333 1170 1394 dixerim.

165 1421 276 1482 Pollius
300 1421 432 1502 quidem,
455 1421 554 1501 philol.
578 1422 654 1482 XXV
674 1420 751 1502 270,
778 1422 948 1483 Lucretium
970 1423 1043 1483 haec
1065 1441 1171 1501 perum
1234 1434 1235 1477 t

167 1509 320 1571 emendata
343 1509 500 1588 reliquisse
523 1517 614 1590 putat.
630 1544 671 1553 —
691 1508 755 1572 398
776 1509 942 1590 ferarum
965 1529 1041 1571 corr.
1065 1510 1103 1571 0:
1124 1509 1171 1590 fc·
1234 1572 1235 1583 ,

166 1616 238 1660 rore
264 1598 322 1669 00.
348 1596 432 1677 ferai
463 1617 538 1658 corr.
566 1599 666 1670 Qedd.
694 1633 736 1642 -
767 1596 832 1661 406
861 1595 963 1678 lorpes
993 1597 1123 1660 tameo
1157 1617 1174 1660 e
1234 1592 1235 1627 ³

163 1684 294 1766 footthu'
316 1687 497 1766 mappis.-
519 1705 594 1748 corr.
617 1687 731 1768 O.edd.,
753 1706 807 1766 pro
830 1704 973 1767 mopoes,
995 1688 1067 1768 „sed
1090 1688 1171 1747 idem

167 1793 242 1835 corr.
266 1782 419 1854 praeterea
442 1791 555 1851 omres,
574 1777 653 1854 quod
671 1775 780 1836 hahent
799 1777 958 1854 quadratus
978 1783 1008 1836 ct
1027 1772 1172 1836 schedae“

166 1863 228 1924 Lm.
253 1881 356 1924 comm.
377 1857 416 1946 (v.
430 1858 523 1945 412):
547 1865 615 1926 inde
639 1864 714 1925 male
732 1864 763 1926 B.
782 1861 880 1943 lorpes
901 1861 1027 1927 haustos
1044 1861 1171 1943 efortto'-
1234 1890 1235 1897 ¹

166 1950 347 2013 bosporos.
376 1948 478 2031 lorpes
495 1950 631 2029 haustus,
649 1972 703 2015 ceo
717 1950 854 2033 fontrhos
867 1971 981 2029 amoos,
995 1953 1171 2014 Winckelm.

166 2058 264 2119 progr.
289 2040 454 2101 Selzwedel.
479 2059 503 2102 3.
526 2039 610 2104 1857
634 2062 662 2121 p.
682 2039 711 2102 3.
735 2075 777 2085 -
798 2039 862 2102 422
885 2059 1047 2120 quaquam
1069 2040 1170 2102 Lamb.
1234 2017 1235 2052 ¹

167 2129 202 2189 cl.
227 2147 300 2208 quae
324 2131 431 2207 scripsi
453 2128 552 2208 philol.
578 2130 670 2190 XXIII
683 2126 758 2210 469,
780 2130 923 2209 probante
945 2130 1046 2190 Pollio.
1069 2130 1170 2209 philol
1234 2169 1235 2208 p

166 2216 255 2277 XXVI
279 2214 353 2278 302.
380 2234 533 2296 quoquam
560 2218 685 2289 OQedd.
709 2252 751 2260 —
773 2214 838 2279 427
855 2236 897 2297 sq.
925 2211 1004 2301 (433
1020 2236 1063 2297 sq.
1091 2212 1170 2302 Lm.)

166 2323 228 2367 esse
259 2301 400 2384 alique.
429 2352 465 2365 ..
494 2305 653 2385 coponio&
694 2308 870 2366 sententiam
905 2305 1065 2367 Creechius
1102 2326 1171 2386 per·
1234 2313 1235 2376 1

167 2396 274 2473 spexit:
297 2390 419 2471 ailquid
440 2393 498 2465 00.
534 2392 599 2455 433
624 2388 725 2477 (Lm),
747 2390 822 2474 435,
844 2390 911 2455 434
934 2429 976 2437 -
999 2390 1170 2472 aliquid..
1234 2465 1235 2480 ¹

165 2480 201 2544 'id
220 2480 339 2559 ipswm;
362 2480 413 2543 cul
433 2480 463 2542 si
481 2527 487 2541 .
508 2528 523 2558 .,
541 2480 676 2560 corporis
698 2479 820 2561 oopoblt
838 2500 1000 2544 numerom
1018 2528 1026 2541 .
1045 2528 1052 2542 .
1072 2528 1079 2543 .
1098 2482 1171 2565 Lm,
1234 2513 1235 2522 .

165 2576 199 2629 ut
227 2576 293 2629 ante
322 2588 389 2629 eum
413 2570 516 2630 doctus
540 2571 659 2649 quidam
681 2570 770 2630 Italus
793 2572 825 2630 in
847 2589 938 2649 marg.
962 2572 1024 2631 cod.
1047 2570 1170 2632 Florem·
1234 2605 1235 2652 p

164 2659 222 2717 tini
246 2655 296 2717 32.
319 2657 404 2717 B.Mr.
429 2658 480 2718 sed
502 2658 559 2719 hoc
581 2658 657 2719 nihil
679 2665 737 2738 est3
760 2661 827 2737 quis
850 2661 930 2719 enim
953 2658 988 2719 ad
1011 2658 1085 2719 illud
1108 2678 1172 2721 esse
1234 2699 1235 2744 3

166 2741 288 2822 aliquid
311 2746 368 2805 tale
397 2747 467 2824 quid
491 2745 658 2826 subaudiat,
681 2746 766 2825 quale
793 2746 854 2807 Lm.
878 2746 948 2828 vult,
972 2747 1085 2808 scilicet
1107 2746 1171 2829 ,ὡς
1234 2747 1235 2774 ¹

165 2830 205 2894 τὰ
223 2826 297 2893 καθ’
318 2830 395 2905 ὅλας
413 2832 531 2914 φύσεις
544 2830 815 2916 λαμβανόμεναίφ
837 2852 969 2913 aupmert
981 2853 1051 2895 vero
1065 2840 1170 2897 rectis·
1234 2903 1235 2912 ¹

167 2924 240 2982 sime
263 2928 351 3000 atque
375 2925 501 2983 maxime
523 2925 645 3002 proprie
667 2923 698 2982 id
716 2930 845 3004 vocetur,
863 2924 940 3001 quod
959 2923 1087 3001 aliquam
1105 2943 1170 2985 rem

166 3008 212 3070 vel
239 3028 396 3070 numerum
423 3010 551 3089 aquuem
578 3018 672 3089 auget.
691 3045 733 3054 -—
756 3008 823 3071 444
848 3008 966 3073 hortem
992 3012 1074 3072 ma.
1098 3013 1170 3073 Ber·
1234 3005 1235 3078 l

166 3100 285 3177 mysius
307 3100 339 3157 in
363 3106 517 3159 comment.
537 3117 612 3159 enno
637 3096 723 3161 1855
745 3102 864 3179 scripto,
882 3117 948 3159 333.
971 3097 1056 3162 1885
1076 3102 1170 3162 edito:
1234 3151 1235 3162 .

165 3184 281 3249 mrum
304 3186 353 3257 oo
378 3186 442 3246 erc.
470 3186 559 3267 mare,
586 3188 622 3247 cf.
645 3208 673 3268 p.
687 3187 748 3247 xx.
771 3221 814 3230 -
836 3183 900 3248 447
916 3207 958 3266 sq.
976 3187 1101 3265 pondus
1124 3188 1171 3251 oo
1234 3175 1235 3218 ¹

165 3272 265 3349 sacto,
279 3271 362 3336 color
379 3272 486 3353 eportet,
501 3270 600 3353 liquor
618 3274 722 3355 aqum,
740 3277 837 3337 caeos
854 3274 1028 3354 corporebus
1045 3277 1169 3353 mortis,
1234 3277 1235 3352 5

165 3361 298 3424 intactos
324 3361 417 3425 tursol
443 3362 539 3423 Bkm.:
565 3362 665 3445 sacis,
694 3362 777 3443 tynis
796 3410 802 3423 .
824 3410 844 3439 .,
872 3382 970 3442 aquae
996 3364 1055 3436 00.
1082 3366 1171 3428 soors
1234 3377 1235 3450 p

167 3443 366 3534 (Wakefield.)
381 3499 387 3513 .
403 3498 409 3512 .
424 3448 506 3531 lphis
578 3450 681 3530 aquai,
695 3449 811 3533 [taetros
825 3450 994 3535 ...ὀπωπή
1007 3454 1068 3514 Lm.
1083 3454 1169 3516 B.Mr.
1234 3453 1235 3532 l

1234 3715 1236 3766 l
