2484 3800
150 167 215 231 114
635 164 674 219 IV

149 329 202 379 646
220 319 250 374 66
271 314 384 372 variare
407 313 471 372 viae
494 311 618 390 proinde
643 329 676 372 ac
699 317 815 372 textura
838 315 965 371 coercet.

150 400 277 468 6661666
299 399 352 460 ubi
374 398 452 479 quod
475 406 593 460 suavest
615 399 681 459 aliis
704 398 769 459 aliis
791 400 826 459 lit
847 417 994 481 amarum,

219 488 276 568 illi,
298 490 347 549 cui
369 494 499 568 suavest,
521 487 670 547 levissima
693 504 817 566 corpora
839 486 949 547 debent

220 575 469 637 contractabiliter
491 575 588 636 caulas
612 578 723 636 intrare
745 575 848 655 palati,
1118 597 1167 639 666

220 671 251 725 66
272 671 374 725 contra
397 663 504 743 quibus
526 670 573 724 est
594 663 697 723 eadem
719 681 769 723 res
791 664 872 724 intus
895 662 1015 743 acerba,

151 769 202 817 646
221 770 337 832 aspera,
359 754 513 831 nimirum,
535 757 692 830 penetrant
712 750 886 829 hamataque
910 751 1019 811 lauces.

150 857 298 907 661nnuc
321 840 436 900 facilest
457 858 493 900 ex
515 839 563 899 his
585 839 675 900 rebus
698 856 876 918 cognoscere
900 856 1047 918 quaeque:

645 946 663 984 ss

221 1019 343 1096 quippe,
365 1014 418 1076 ubi
440 1015 489 1075 cui
510 1014 602 1075 febris
624 1014 678 1075 bili
701 1022 858 1094 superante
881 1022 1011 1075 coortast

221 1112 272 1166 aut
293 1104 349 1165 alia
372 1106 485 1164 ratione
508 1102 634 1181 aliquast
655 1104 700 1164 vis
723 1105 817 1164 excita
839 1102 949 1182 morbi,
1119 1126 1165 1167 666

221 1191 412 1272 perturbatur
433 1190 477 1251 ibi
499 1192 558 1250 iam
578 1198 675 1251 totum
697 1210 818 1271 corpus,
843 1197 873 1251 et
895 1209 998 1252 omnes

152 1297 205 1347 666
223 1287 440 1341 commutantur
462 1278 505 1339 ibi
526 1281 678 1357 positurae
699 1280 927 1359 principiorum3

152 1376 256 1437 66666
277 1371 361 1448 prius
384 1368 420 1427 ad
443 1384 563 1427 sensum
586 1385 661 1446 quae
685 1385 809 1447 corpora
831 1366 1045 1427 conveniebant

222 1475 301 1517 nunc
323 1474 382 1516 non
405 1457 592 1535 conveniant,
615 1462 646 1515 et
668 1462 767 1516 cetera
790 1457 850 1515 sint
871 1457 965 1533 magis
989 1462 1069 1534 apta,

222 1562 296 1624 quae
319 1550 471 1622 penetrata
492 1550 604 1621 queunt
621 1560 742 1604 sensnm
759 1544 936 1622 progignere
955 1542 1105 1603 acerbum.
1120 1566 1165 1605 sao

221 1640 345 1710 utraque
369 1634 449 1691 enim
472 1633 595 1691 suntin
616 1630 713 1692 mellis
736 1633 894 1691 commixta
918 1648 1031 1709 sapore.
1120 1654 1163 1694 cu

152 1736 204 1787 666
266 1719 351 1779 Nunc
374 1736 440 1799 age,
463 1736 521 1797 quo
543 1725 629 1797 pacto
652 1721 733 1779 naris
757 1719 888 1780 adiectus
911 1718 1012 1779 odoris
1120 1743 1164 1783 666

152 1825 209 1876 672
222 1815 323 1885 tangat
345 1824 436 1885 agam.
471 1809 599 1885 primum
624 1825 673 1867 res
695 1806 801 1868 multas
825 1825 890 1868 esse
913 1814 1066 1868 necessest

222 1896 300 1957 unde
323 1895 418 1957 fluens
441 1894 535 1956 volvat
557 1897 656 1956 varius
679 1913 712 1956 se
734 1895 841 1957 fluctus
864 1894 1001 1976 odorum3
1121 1919 1164 1960 666

223 1992 253 2046 66
275 1984 367 2044 liuere
390 1991 421 2044 et
442 1985 521 2044 mitti
542 1983 626 2063 volgo
650 1986 807 2063 spargique
829 1984 1034 2063 putandumst:

152 2090 207 2142 675
220 2091 324 2134 verum
346 2071 412 2132 aliis
434 2071 509 2132 alius
532 2074 625 2150 magis
649 2079 695 2132 est
716 2071 913 2132 animantibus
936 2079 1037 2152 aptus,

153 2179 203 2229 666
223 2159 376 2222 dissimilis
398 2167 519 2239 propter
542 2159 660 2220 formas.
696 2159 822 2238 ideoque
844 2177 898 2238 per
920 2177 1007 2221 auras

222 2249 318 2310 mellis
340 2266 411 2327 apes
434 2249 567 2326 quamvis
589 2247 674 2326 longe
698 2247 847 2308 ducuntur
869 2247 973 2328 odore,

221 2337 398 2414 volturiique
422 2334 625 2396 cadaveribus:
648 2342 711 2395 tom
734 2337 802 2396 lissa
824 2336 955 2396 ferarum
1122 2359 1163 2400 666

221 2424 331 2504 ungula
354 2442 412 2502 quo
434 2423 537 2483 tulerit
558 2440 693 2501 gressum
716 2425 860 2501 permissa
882 2441 989 2484 canum
1011 2425 1057 2483 vis

151 2530 208 2581 666
221 2514 315 2592 ducit,
338 2519 368 2572 et
389 2511 548 2571 humanum
570 2510 656 2588 longe
678 2513 840 2589 praesentit
864 2511 985 2571 odorem

152 2617 203 2667 666
221 2599 444 2660 Romulidarum
466 2600 542 2659 arcis
566 2605 712 2679 servator,
734 2599 877 2659 candidus
899 2617 995 2660 anser.

222 2691 265 2748 sic
288 2687 353 2748 aliis
376 2686 450 2746 alius
473 2686 560 2746 nidor
583 2686 667 2746 datns
691 2686 726 2746 ad
750 2705 803 2748 sua
826 2705 973 2765 quemque

221 2775 327 2855 pabula
349 2775 431 2835 ducit
453 2781 483 2834 et
505 2793 522 2834 a
543 2780 620 2834 tetro
643 2773 759 2835 resilire
782 2792 895 2835 veneno
1119 2797 1162 2838 666

224 2866 314 2944 cogit,
337 2880 431 2940 eoque
454 2861 541 2922 modo
564 2869 719 2922 serrantur
742 2862 836 2924 saecla
861 2862 999 2923 ferarum.

152 2969 209 3018 666
265 2951 321 3012 1116
344 2950 418 3010 odor
439 2952 503 3028 ipse
526 2951 630 3030 igitur,
653 2951 735 3009 naris
758 2952 936 3028 quicumque
959 2950 1095 3029 lacessit,

152 3055 204 3106 666
222 3047 269 3100 666
290 3038 346 3099 alio
370 3044 404 3098 ut
425 3039 520 3116 possit
542 3038 675 3115 permitti
697 3036 812 3116 longius
836 3037 923 3098 alter:

223 3126 274 3187 sed
297 3133 396 3186 tamen
417 3125 495 3186 haud
519 3126 676 3203 quisquam
697 3132 758 3185 tam
779 3125 865 3204 longo
889 3126 984 3186 fertur
1007 3143 1113 3188 eorum

222 3231 311 3292 quam
329 3214 452 3292 sonitus,
471 3231 557 3291 quam
576 3231 641 3293 vox,
659 3214 743 3273 mitto
762 3216 821 3274 iam
839 3214 938 3274 dicere
953 3232 1043 3293 quam
1057 3232 1108 3274 res
1122 3237 1163 3278 ooo

222 3318 297 3380 quae
320 3300 430 3359 leniunt
453 3300 605 3360 ocrdorum
628 3302 706 3362 acies
728 3303 882 3381 visumque
905 3301 1066 3364 lacessunt.

151 3406 207 3456 666
223 3386 406 3449 errabundus
430 3389 508 3447 enim
529 3388 613 3448 tarde
636 3391 730 3470 venit,
753 3409 786 3450 ac
808 3392 887 3470 perit
909 3397 977 3451 ante

534 3473 626 3554 [666]
642 3477 705 3538 -1
723 3474 797 3538 466.
