2484 3800
129 139 191 203 138
612 135 639 190 V

199 302 271 363 quas
294 281 382 343 validi
403 288 465 341 toto
488 280 663 359 dispergunt
685 285 752 340 aere
776 282 865 341 venti.

129 388 267 451 estpars
290 372 378 431 etiam
401 368 552 448 glebarum
575 368 610 428 ad
635 367 774 429 diluviem
796 375 952 429 revocatur
1094 392 1138 432 aaa

129 476 188 528 256
199 458 358 538 imbribus,
380 464 410 518 et
432 460 511 536 ripas
534 456 667 517 radentia
688 456 809 517 ilumina
832 456 950 517 rodunt

199 552 352 626 practerea
375 563 428 623 pro
451 551 534 624 parte
557 562 620 625 sua,
646 544 851 625 quodcumque
874 544 933 606 alid
956 551 1057 626 auget,

620 650 640 690 ὴ

200 720 346 781 redditur:
370 727 400 781 et
421 721 560 799 quoniam
582 719 672 781 dubio
693 719 798 799 procul
820 738 885 781 esse
908 720 1027 781 videtur

201 811 389 888 omniparens
412 808 514 868 eadem
536 825 638 869 rerum
660 825 814 869 commune
838 808 1021 890 sepulcrum,

131 913 183 963 250
202 914 271 976 ergo
294 903 374 957 terra
395 894 451 955 tibi
472 895 580 957 libatur
602 902 633 956 et
655 902 740 956 aucta
761 898 912 957 recrescit.
1097 920 1141 960 seo

131 1000 188 1054 273
245 985 320 1045 Adra
342 1001 421 1045 nunc
443 986 533 1062 igitur
556 983 664 1065 dicam,
687 985 740 1063 qui
761 1001 886 1062 corpore
908 990 971 1044 toto
1097 1007 1140 1047 aaa

201 1071 455 1134 innumerabiliter
477 1073 575 1149 privas
597 1078 728 1132 mutatur
750 1074 782 1131 iu
804 1072 900 1132 boras.

131 1175 317 1239 275semper
340 1162 428 1240 enim,
451 1159 656 1239 quodcumque
678 1159 744 1220 iluit
766 1159 802 1220 de
821 1158 921 1241 rebus,
943 1159 975 1220 id
994 1177 1082 1220 omne
1098 1184 1140 1224 ers

203 1250 279 1309 aeris
302 1250 334 1307 in
356 1264 493 1325 magnum
516 1248 610 1308 fertur
632 1265 726 1328 mare3
750 1249 802 1325 qui
824 1249 884 1307 nisi
906 1254 1010 1308 contra

132 1352 184 1401 255
203 1353 326 1415 corpora
348 1334 493 1396 retribuat
514 1334 604 1395 rebus
627 1341 801 1413 recreetque
824 1335 958 1416 liuentis,

203 1426 301 1484 omnia
323 1426 381 1483 iam
404 1422 532 1484 resoluta
555 1423 653 1483 forent
674 1429 704 1483 ct
727 1425 758 1483 in
781 1428 849 1483 aera
872 1442 970 1484 versa:

202 1512 273 1573 haut
295 1513 384 1589 igitur
407 1520 502 1571 cessat
524 1512 606 1589 gigni
628 1510 665 1571 dc
687 1509 777 1571 rebus
800 1517 831 1571 et
853 1513 884 1571 in
906 1529 956 1571 res

132 1614 188 1667 280
202 1599 365 1679 reccidere,
388 1598 509 1659 adsidue
533 1600 672 1676 quoniam
693 1598 786 1659 iluerc
809 1600 907 1659 omnia
930 1606 1056 1659 constat
1098 1622 1140 1662 seo

246 1685 358 1763 Largus
381 1688 452 1745 item
474 1686 579 1764 liquidi
602 1686 668 1746 lons
690 1685 824 1767 luminis,
847 1686 998 1747 aetherius
1021 1686 1080 1768 sol,

133 1792 186 1840 260
204 1776 312 1851 inrigat
334 1772 454 1833 adsidue
477 1773 590 1834 caelum
612 1774 740 1834 candore
762 1776 876 1834 recenti

204 1859 428 1941 suppeditatque
451 1878 526 1923 novo
549 1862 705 1923 confestim
726 1861 838 1924 lumine
861 1862 971 1924 lumen.

203 1967 272 2010 uam
293 1951 422 2029 primum
445 1950 584 2028 quicquid
607 1950 729 2028 fulgoris
752 1950 877 2029 disperit
899 1953 941 2032 ei,

132 2053 188 2106 285
203 2055 387 2116 quocumque
406 2037 520 2098 accidit
555 2037 586 2098 id
604 2037 675 2098 licet
691 2038 761 2098 hine
779 2056 957 2117 cognoscere
976 2042 1085 2121 possis,
1098 2063 1141 2103 aas

204 2124 282 2204 quod
305 2124 393 2186 simul
416 2142 449 2185 ac
472 2127 600 2204 primum
622 2125 716 2187 nubes
739 2126 898 2188 succedere
920 2127 977 2187 soli

133 2230 185 2280 aaa
204 2230 329 2293 coepere
352 2219 382 2274 et
403 2212 502 2272 radios
525 2215 602 2272 inter
626 2216 710 2291 quasi
731 2231 870 2292 rumpere
892 2214 982 2295 lucis,

203 2299 350 2379 extemplo
374 2300 497 2361 inferior
517 2319 586 2378 pars
608 2300 715 2361 horum
737 2301 862 2380 disperit
884 2305 995 2382 omnis,

203 2395 341 2466 terraque
364 2387 549 2448 inumbratur
571 2406 629 2467 qua
651 2389 745 2449 nimbi
767 2407 893 2468 cumque
916 2391 1068 2473 feruntur3

133 2492 188 2545 290
201 2484 235 2537 ut
257 2493 361 2536 noscas
385 2474 540 2554 splendore
564 2493 638 2535 novo
662 2495 710 2537 res
733 2494 852 2556 semper
874 2495 976 2559 cgere,
1100 2503 1143 2543 sao

205 2569 235 2624 et
256 2565 385 2642 primum
407 2565 516 2623 iactum
538 2561 662 2640 fulgoris
685 2581 832 2643 quemque
854 2567 968 2646 perire,

38 2711 41 2716 ,
134 2669 186 2717 ato
204 2668 259 2711 nec
281 2653 394 2711 ratione
417 2649 473 2710 alia
495 2668 544 2710 res
567 2668 655 2729 posse
678 2653 709 2712 in
732 2651 793 2712 sole
816 2652 924 2733 videri,

203 2745 347 2817 perpetuo
369 2739 401 2798 ni
424 2737 592 2816 suppeditet
613 2737 689 2799 lucis
712 2747 799 2818 caput
820 2742 928 2818 ipsum

151 2826 276 2916 quin
299 2828 386 2886 etiam
410 2833 553 2886 nocturna
575 2824 645 2907 tihi,
667 2829 820 2887 terrestria
842 2846 918 2907 quae
941 2835 1025 2910 sunt,

133 2893 325 2993 2'951umina‚
346 2911 509 3015 pendentes
531 2912 631 2992 lychni
653 2912 806 2992 claraeque
830 2919 963 2976 coruscis
1102 2942 1143 2983 aas

204 2998 369 3077 iulgmibus
391 3002 515 3079 pingues
538 2999 631 3060 multa
652 3000 775 3079 fuligine
797 3002 899 3063 taedae

134 3104 185 3153 ora
206 3087 352 3147 consimili
374 3095 534 3167 properant
555 3089 683 3170 ratione,
706 3089 811 3150 ardore
833 3093 986 3172 ministro,

205 3173 392 3252 suppeditare
415 3193 521 3235 novom
544 3174 656 3257 lumen,
679 3182 806 3237 tremere
830 3178 949 3256 ignibus
971 3182 1101 3263 instant,

204 3262 326 3341 instant,
348 3280 404 3322 nec
427 3261 490 3322 loca
513 3262 562 3323 lux
585 3265 665 3324 inter
687 3268 771 3342 quasi
793 3272 880 3344 rupta
902 3267 1061 3347 relinquit:

134 3362 188 3415 300
203 3364 298 3424 nsque
321 3348 394 3409 adeo
416 3357 610 3428 properanter
633 3351 745 3412 obortis
768 3352 886 3432 ignibus
909 3357 938 3415 ei
1104 3373 1145 3423 eoo

204 3435 326 3494 exitium
349 3435 439 3496 celeri
462 3435 573 3498 celatur
595 3441 709 3517 origine
732 3439 874 3502 ilammae.
