2484 3800
546 173 586 227 ΠΙ
1026 174 1067 237 89

131 323 210 382 scire
233 320 304 381 licet
325 319 411 381 nobis
434 320 477 380 nil
499 338 565 381 esse
588 321 620 379 in
642 327 737 380 morte
759 321 936 402 timendum,
1029 342 1069 383 aee

52 424 114 476 865
129 427 187 470 neo
210 410 354 468 miserum
377 408 442 468 fieri
466 410 599 486 quinon
622 414 669 467 est
690 426 790 489 posse,
813 427 909 489 neque
931 408 1025 469 hilum
1049 472 1051 479 ,

55 513 110 564 ese
131 498 255 558 differre
278 514 316 556 an
338 495 418 555 nullo
441 496 532 556 fuerit
553 498 613 556 iam
637 503 770 575 tempore
793 504 892 577 natus,
988 498 990 505 ⁴

129 583 287 645 mortalem
309 586 398 644 vitem
421 602 501 644 mors
523 602 590 646 oum
613 584 777 645 inmortalis
800 584 916 645 ademit

176 672 305 733 Proinde
322 671 375 733 ubi
389 690 420 732 se
435 672 535 732 videas
548 672 699 732 hominem
712 672 894 751 indignarier
907 675 1015 754 ipsum,
1028 695 1068 735 sao

130 760 349 840 postmortem
372 760 435 820 iore
458 766 493 820 ut
515 766 565 821 aut
586 767 722 838 putescat
744 778 867 839 corpore
890 768 975 839 posto

54 856 184 917 878881
205 847 332 909 flammis
354 848 485 909 interfiat
506 847 627 908 malisve
650 848 792 929 ferarum,

55 938 211 1003 88888188
234 936 304 997 licet
325 953 385 997 non
407 938 557 997 sincerum
580 954 699 1017 sonere,
722 944 808 1015 atque
832 936 954 997 subesse

133 1043 256 1086 caecum
278 1023 406 1103 aliquem
428 1024 512 1084 cordi
534 1024 699 1105 stimulum,
723 1026 855 1103 quamvis
877 1028 965 1103 neget
987 1027 1050 1103 ipse

132 1112 258 1173 credere
272 1130 303 1172 se
319 1129 495 1191 quemquam
509 1112 568 1172 sibi
581 1130 702 1172 sensum
716 1114 748 1171 in
761 1119 857 1173 morte
871 1112 1015 1173 futurum:
1029 1132 1068 1175 88

131 1219 206 1281 888,
229 1208 262 1261 81
284 1203 403 1281 opinor,
426 1202 505 1260 enim
528 1200 578 1260 dat
600 1200 678 1280 quod
700 1203 847 1279 promittit
869 1208 898 1261 et
920 1200 1012 1281 unde,

56 1306 114 1358 375
132 1308 191 1349 nec
213 1288 354 1349 radicitus
377 1306 393 1349 e
416 1290 476 1348 vita
498 1306 530 1348 se
553 1286 629 1348 tollit
652 1295 682 1349 et
704 1290 785 1369 eicit,

57 1394 112 1445 aas
133 1376 189 1437 sed
210 1377 281 1437 facit
303 1394 369 1437 esse
393 1378 440 1437 sui
463 1376 602 1453 quiddam
626 1394 715 1455 super
736 1378 849 1437 inscius
872 1379 944 1455 ipse.

132 1468 218 1525 rivus
241 1466 321 1525 enim
344 1463 402 1524 sihi
424 1482 491 1524 cum
513 1466 652 1542 proponit
675 1466 799 1544 quisque
822 1465 967 1546 futurum,

133 1567 242 1631 corpus
265 1554 308 1613 uti
331 1552 466 1613 volucres
488 1551 618 1613 lacerent
640 1554 671 1613 in
693 1560 788 1613 morte
811 1552 962 1636 feraeque,
1029 1576 1068 1616 aso

132 1644 198 1721 ipse
222 1643 270 1701 sui
291 1642 425 1701 miseret:
448 1658 544 1719 neque
569 1643 648 1700 enim
671 1658 703 1700 se
726 1640 830 1701 dividit
851 1640 925 1701 illim

57 1745 119 1797 880
132 1747 189 1790 888
211 1736 343 1789 removet
365 1730 436 1788 satis
459 1746 477 1788 a
498 1730 630 1807 proiecto
654 1747 776 1807 corpore
800 1736 829 1789 et
851 1728 934 1790 illum

58 1834 113 1884 888
133 1835 167 1878 88
190 1817 275 1895 fingit
297 1834 445 1895 sensuque
468 1834 522 1876 suo
545 1819 724 1877 contaminat
746 1824 857 1878 astans:

131 1907 203 1966 hino
225 1906 395 1985 indignatur
416 1924 449 1965 se
472 1904 625 1966 mortalem
650 1924 715 1966 esse
738 1913 882 1987 creatum,

132 2013 190 2056 nec
212 1993 292 2054 videt
314 1996 346 2054 in
367 2009 437 2054 vera
459 1992 572 2053 nullum
595 1994 657 2053 lore
680 2000 775 2054 morte
798 1994 887 2054 alium
910 2013 956 2077 se,
1029 2017 1068 2058 soa

133 2085 186 2161 qui
208 2084 303 2160 possit
324 2084 408 2142 vivus
432 2080 491 2141 sihi
512 2099 545 2141 se
567 2081 669 2160 lugere
692 2087 890 2162 peremptum,

58 2176 275 2249 &gestansque
298 2171 443 2230 iacentem
458 2185 497 2230 88
518 2169 642 2229 lacerari
664 2171 746 2230 urive
770 2168 877 2230 dolere.

59 2276 114 2326 888
133 2256 204 2318 niam
226 2259 306 2318 siin
328 2263 424 2317 morte
447 2256 585 2318 malumst
607 2256 692 2317 malis
714 2274 873 2334 morsuque
897 2257 1026 2318 serarum

131 2347 269 2426 tractari,
290 2363 351 2406 non
372 2346 490 2406 invenio
513 2347 646 2424 quinon
669 2347 709 2405 sit
731 2344 869 2405 acerbum

132 2433 253 2512 ignibus
276 2434 438 2511 inpositum
460 2432 562 2493 calidis
584 2439 749 2493 torrescere
772 2431 910 2512 flammis,
1029 2457 1069 2496 eso

133 2523 240 2582 autin
261 2521 348 2582 melle
371 2523 460 2582 situm
483 2521 635 2601 suffocari,
660 2527 746 2599 atque
769 2522 866 2598 rigere

60 2627 119 2678 898
132 2610 258 2689 frigore,
281 2627 348 2670 cum
371 2627 486 2669 summo
509 2608 598 2687 gelidi
620 2608 708 2669 cubat
731 2626 858 2687 aequore
882 2611 958 2689 saxi,

60 2716 114 2765 888
133 2699 270 2776 urgerive
294 2715 421 2776 superne
444 2696 586 2757 obtritum
608 2696 738 2775 pondere
761 2703 866 2757 terrae.

179 2781 332 2845 ‘lamiam
354 2803 414 2845 non
436 2785 541 2846 domus
564 2786 689 2863 accipiet
711 2791 739 2844 te
763 2784 851 2865 laeta,
875 2803 971 2864 neque
995 2803 1070 2846 uxor

133 2875 246 2952 optima
268 2891 324 2933 nec
345 2872 447 2933 dulces
470 2879 628 2933 occiurent
650 2871 749 2933 oscula
772 2874 834 2933 nati
1029 2897 1070 2937 aaa

132 2963 305 3040 praeripere
329 2969 359 3021 et
380 2962 468 3021 tacita
489 2967 594 3039 pectus
617 2960 772 3020 dulcedine
795 2967 923 3038 tangent,

61 3065 119 3118 895
133 3067 194 3110 non
216 3050 328 3128 poteris
350 3049 435 3109 factis
457 3048 631 3109 florentibus
655 3065 720 3108 esse
743 3049 862 3126 tuisque

62 3155 115 3204 888
132 3138 324 3217 praesidium.
360 3138 470 3197 misero
493 3131 613 3197 misere'
637 3139 719 3197 aiunt
741 3132 851 3197 ‘omnia
874 3136 982 3198 ademit

134 3243 194 3286 una
216 3225 282 3285 dies
303 3225 410 3286 infesta
432 3223 488 3284 tibi
509 3232 554 3285 tot
575 3226 705 3303 praemia
728 3220 823 3285 vitae?

133 3313 207 3375 illud
230 3315 262 3374 in
284 3313 332 3373 his
354 3311 443 3372 rebus
466 3329 526 3372 non
548 3312 672 3394 addunt,
695 3309 762 3373 ‘nec
784 3312 838 3372 tihi
862 3332 964 3374 earnm
1030 3335 1070 3375 eoo

133 3404 193 3462 iam
216 3401 396 3462 desiderium
419 3418 520 3460 rerum
543 3419 633 3479 super
655 3401 765 3462 insidet
787 3396 866 3462 una?

62 3508 118 3560 900
133 3489 213 3570 quod
234 3489 310 3550 bene
334 3491 361 3550 si
382 3488 501 3549 videant
523 3490 620 3549 animo
645 3489 790 3569 dictisque
813 3496 987 3569 sequantur,
