2484 3800
571 155 597 211 V
1022 153 1082 218 141

148 310 179 364 at
201 321 312 384 neque,
334 304 379 363 nti
402 303 502 383 docui,
526 302 619 363 solido
644 322 711 363 cnm
735 320 858 382 corpore
881 302 984 364 mundi
1024 295 1026 298 ’

75 408 128 459 333
148 397 296 471 naturast,
320 392 459 469 quoniam
482 390 674 452 admixtumst
696 394 727 452 in
749 391 838 451 rebus
862 394 962 473 inane,
1046 413 1086 453 ecc

75 496 133 548 366
147 498 205 540 nec
228 486 326 539 tamen
350 485 396 539 cst
418 487 451 540 ut
473 480 569 560 inane,
592 498 689 559 neque
710 487 808 540 autem
827 497 949 559 corpora
968 479 1084 560 desunt,

150 587 187 629 ex
210 568 325 628 infinito
350 585 423 645 qnae
446 570 562 647 possint
584 568 660 628 forte
684 575 784 628 coorta

150 674 291 717 corruere
313 656 389 716 hanc
411 673 512 716 rerum
534 655 662 716 violento
685 656 804 716 turhine
827 674 971 716 summam

150 752 202 805 aut
225 744 311 804 aliam
334 746 472 822 quamvis·
490 742 602 804 cladem
626 746 775 823 inportare
799 762 853 823 per
875 746 966 825 ictus,

76 850 131 899 330
149 850 208 893 nec
229 850 318 911 porro
342 838 446 911 natura
468 831 526 892 loci
549 834 734 911 spatiumque
756 831 896 911 profundi
1047 854 1086 895 ero

77 920 264 1001 371deflcit,
287 922 425 998 exspargi
448 938 504 998 quo
528 922 645 999 possint
666 922 783 980 moenia
804 920 920 1001 mundi,

152 1016 203 1069 aut
225 1007 281 1069 alia
304 1010 406 1086 quavis
427 1014 553 1087 possunt
574 1010 603 1068 ri
625 1008 709 1087 pulsa
731 1010 838 1087 perire.

152 1097 223 1157 hant
246 1098 337 1175 igitur
359 1096 411 1155 leti
433 1096 616 1175 praeclusast
638 1099 724 1157 ianua
747 1095 827 1157 caelo

151 1203 208 1245 nec
232 1183 287 1244 soli
309 1192 464 1263 terraeque
487 1202 584 1263 neque
607 1184 674 1245 altis
698 1186 834 1263 aequoris
856 1183 957 1263 undis,

79 1290 132 1341 365
153 1273 204 1334 sed
228 1278 309 1352 patet
330 1274 452 1332 immani
475 1279 504 1333 et
526 1278 607 1333 vasto
631 1278 778 1353 respectat
799 1272 889 1332 hiatu.
1046 1293 1086 1334 ers

77 1378 136 1430 376
153 1379 244 1441 quare
267 1363 356 1421 etiam
378 1364 474 1421 nativa
496 1367 683 1422 necessumst
705 1360 862 1421 confiteare

151 1450 225 1509 haec
248 1450 363 1509 eadem:
385 1467 481 1528 neque
505 1451 597 1529 enim,
619 1448 737 1510 mortali
759 1466 881 1527 corpore
906 1466 980 1527 quae
1004 1454 1083 1528 sunt,
1184 1443 1187 1447 ’

153 1556 190 1598 ex
212 1538 327 1597 infinito
350 1539 409 1597 iam
431 1543 564 1616 tempore
588 1537 683 1598 adhuc
704 1540 871 1617 potuissent

153 1628 282 1686 inmensi
303 1624 412 1685 validas
436 1628 500 1685 aevi
522 1633 711 1687 contemnere
734 1628 821 1686 vires.

80 1730 134 1780 330
197 1713 329 1791 Denique
352 1720 506 1793 tantopere
528 1716 607 1775 inter
630 1733 662 1775 se
682 1705 752 1775 ‘cum
775 1716 901 1774 maxima
923 1713 1026 1774 mundi
1046 1735 1086 1776 seo

80 1818 136 1869 331
154 1808 286 1881 pugnent
308 1802 453 1883 membra,
475 1804 524 1881 pio
548 1820 733 1882 nequaquam
755 1804 870 1863 concita
892 1801 982 1883 hello,

152 1908 251 1951 nonne
273 1889 355 1951 vides
379 1890 504 1970 aliquam
527 1890 608 1970 longi
630 1893 798 1953 certaminis
822 1890 888 1952 ollis

153 1997 242 2058 posse
265 1978 329 2039 dari
351 1979 453 2060 tinem,
475 1978 522 2038 vel
545 1998 612 2039 cum
635 1979 680 2040 sol
703 1987 732 2040 et
753 1998 843 2059 vapor
866 1981 962 2039 omnis

154 2067 291 2127 omnihus
315 2069 409 2145 epotis
431 2066 584 2128 umorihus
608 2064 834 2146 exsuperarint‘?

82 2171 136 2223 aro
156 2154 235 2234 quod
250 2155 345 2215 lacere
359 2154 524 2236 intendunt,
538 2173 635 2233 neque
649 2155 743 2215 adhuc
755 2162 859 2214 conata
867 2160 1033 2232 patrantur:
1046 2174 1087 2217 sss

83 2260 140 2312 336
154 2249 269 2304 tantum
292 2243 481 2323 suppeditant
503 2261 604 2303 amnes
626 2242 761 2322 ultraque
784 2244 934 2302 minantur
1025 2267 1029 2274 ·

155 2334 253 2392 omnia
276 2331 418 2392 diluviare
441 2350 478 2391 ex
501 2331 558 2392 alto
581 2333 697 2410 gurgite
719 2332 814 2410 ponti,

154 2422 347 2501 nequiquam,
371 2422 508 2497 quoniam
530 2426 682 2480 verrentes
705 2436 831 2497 aequora
853 2420 934 2478 venti

155 2509 331 2568 deminuunt
353 2507 503 2586 radiisque
526 2514 663 2568 retexens
687 2507 835 2567 aetherius
859 2506 916 2587 sol,

83 2611 137 2661 380
157 2603 187 2656 et
210 2598 321 2656 siccare
344 2598 427 2675 prius
451 2595 602 2657 confidunt
625 2598 721 2655 omnia
744 2612 832 2674 posse
1049 2617 1088 2657 eoo

83 2700 137 2752 391
157 2703 244 2764 quam
267 2684 366 2762 liquor
388 2686 498 2762 incepti
521 2685 616 2762 possit
638 2683 929 2762 contingere-finem.

155 2779 271 2832 tantum
294 2774 439 2850 spirantes
462 2790 561 2850 aequo
579 2774 739 2832 certamine
761 2770 871 2831 bellum

156 2863 270 2938 magnis
292 2858 373 2922 loto
394 2876 426 2922 se
448 2859 484 2920 de
507 2859 596 2921 rehus
619 2878 742 2920 cernere
765 2866 891 2940 certant,

157 2967 226 3009 cum
248 2947 340 3008 semel
362 2951 476 3008 interea
498 2949 587 3009 fuerit
610 2949 797 3029 superantior
819 2949 896 3026 ignis

85 3052 139 3103 333
159 3043 189 3097 et
212 3036 317 3118 semel,
339 3042 373 3097 ut
395 3036 511 3117 lamast‚
534 3055 619 3098 umor
642 3038 773 3116 regnarit
794 3037 826 3094 in
848 3037 933 3096 arvis.
1050 3057 1090 3098 aee

83 3141 141 3192 396
156 3127 239 3206 ignis
258 3127 338 3185 enim
361 3127 510 3203 superavit
533 3131 562 3184 et
584 3124 691 3185 ardens
713 3123 804 3185 multa
826 3125 969 3205 perussit,

157 3215 219 3274 avia
243 3231 310 3274 cum
333 3212 512 3273 Phaethonta
535 3231 626 3292 rapax
648 3215 693 3273 vis
717 3213 787 3272 solis
810 3230 954 3290 equorum

157 3301 276 3362 aethere
299 3303 424 3380 raptavit
446 3307 507 3360 toto
531 3307 684 3379 terrasque
708 3319 762 3379 per
785 3302 894 3360 omnis:

156 3397 186 3450 at
208 3396 292 3468 pater
316 3392 502 3469 omnipotens
525 3390 655 3448 iratum
678 3391 809 3468 percitus
832 3391 893 3448 acri

85 3494 139 3544 300
157 3479 375 3556 magnanimum
397 3476 578 3537 Phaethonta
601 3478 718 3556 repenti
740 3475 871 3537 fulminis
895 3479 956 3536 ictu
1051 3495 1091 3536 400
