2484 3800
385 828 427 913 Τ.
451 828 680 915 nucitum
712 827 834 917 canl

249 980 339 1077 DE
384 981 637 1081 RERUM
681 984 968 1083 NATURA

430 1153 565 1219 nmnn
587 1153 785 1231 omnious,

156 1440 232 1511 Quis
255 1440 333 1517 potis
356 1445 402 1499 est
424 1438 545 1517 dignum
567 1438 692 1518 pollenti
713 1447 832 1519 pectore
856 1460 975 1503 oarmen

158 1527 286 1589 condere
308 1545 363 1606 pro
386 1544 486 1587 rerum
509 1529 661 1589 maiestate
683 1529 788 1607 hisque
811 1528 959 1609 repertis?

158 1618 262 1695 quisve
284 1614 361 1675 valet
381 1614 479 1675 verbis
501 1622 629 1698 tontum,
652 1618 704 1695 quii
726 1618 837 1696 fingere
860 1618 961 1680 laudes

157 1722 212 1783 pro
235 1704 349 1763 meritis
374 1705 437 1763 eius
459 1706 566 1784 possit,
590 1706 642 1783 qui
663 1704 733 1765 talia
754 1704 840 1766 nohis

121 1808 139 1858 5
159 1798 279 1871 pectore
301 1798 385 1869 parto
408 1808 460 1851 suo
484 1793 674 1871 quaesitaque
696 1796 827 1872 praemia
848 1791 955 1874 liquit?

158 1897 260 1961 nemo,
281 1885 315 1940 ut
338 1880 455 1961 opinor,
477 1881 534 1941 erit
555 1880 673 1942 mortali
695 1899 818 1960 corpore
841 1892 948 1944 cretus.

158 1986 227 2029 nam
250 1970 289 2049 si,
311 1973 345 2028 ut
367 1969 431 2046 ipso
452 1970 527 2046 petit
548 1971 686 2030 maiestas
709 1972 825 2047 cognita
847 1989 960 2051 rerum,

159 2056 357 2136 dicendumst,
380 2056 453 2116 deus
475 2055 525 2116 ille
548 2056 617 2137 iuit,
640 2057 726 2138 deus,
747 2057 857 2136 inelyte
878 2058 1010 2140 Memmi,

159 2146 211 2224 qui
233 2145 371 2223 princeps
393 2145 469 2204 vitae
492 2145 636 2204 rationem
657 2146 772 2205 invenit
792 2162 857 2205 eam
880 2164 954 2224 quae

105 2251 139 2299 10
158 2250 239 2293 nuno
261 2231 423 2311 appellatur
445 2234 601 2312 sapientia,
623 2227 733 2311 ipuique
756 2250 810 2311 per
832 2240 925 2294 artem

45 2323 48 2332 ’
159 2319 298 2380 fluctibus
321 2339 337 2380 e
360 2321 449 2380 tantis
470 2322 560 2380 vitam
582 2322 731 2399 tantisque
753 2319 885 2381 tenebris

158 2409 191 2468 in
213 2415 273 2468 tam
295 2407 453 2486 tranquillo
476 2415 506 2468 et
528 2415 589 2468 tam
611 2407 689 2468 eiara
711 2406 777 2468 luce
799 2408 913 2471 locavit

159 2497 261 2557 confer
283 2498 363 2557 enim
385 2496 483 2557 divina
505 2494 630 2556 aliorum
653 2498 772 2575 antiqua
794 2504 919 2576 roperta.

159 2601 285 2662 namque
309 2583 397 2644 Ceres
420 2584 516 2644 fertur
536 2585 637 2662 fruges
658 2583 806 2662 Liberque
828 2583 952 2664 liquoris

104 2689 140 2739 15
159 2673 281 2750 vitigeni
302 2670 419 2732 latioem
441 2671 614 2732 mortalibus
636 2674 814 2754 instituisse,

159 2778 227 2821 oum
248 2766 347 2820 tamen
368 2759 416 2820 his
437 2767 539 2838 posset
561 2763 625 2821 sine
647 2760 737 2821 rebus
758 2763 818 2821 vita
840 2779 971 2841 manere,

158 2856 192 2910 ut
214 2848 318 2908 iamast
340 2847 451 2927 aliquas
475 2849 563 2910 etiam
585 2866 664 2909 nunc
685 2851 783 2909 vivere
807 2851 915 2928 gentis:

158 2935 284 2998 athene
307 2954 368 2996 non
389 2944 505 3016 poterat
528 2939 591 2997 sine
614 2955 688 3016 puro
711 2943 830 3016 peotore
853 2939 924 3019 viri3

158 3042 216 3103 quo
239 3027 333 3104 magis
355 3025 403 3084 hio
425 3027 532 3086 merito
553 3023 641 3085 nobis
663 3024 736 3085 deus
759 3043 825 3086 esse
847 3025 976 3107 ridetur,

102 3130 138 3180 20
158 3131 195 3174 ex
217 3130 275 3192 quo
298 3130 377 3173 nune
399 3115 488 3174 etiam
509 3131 564 3191 per
585 3130 706 3191 magnas
729 3113 821 3174 didita
843 3116 939 3192 gentis

158 3200 254 3262 dulcia
276 3199 461 3280 permulcent
482 3203 595 3262 animos
618 3201 725 3261 solania
746 3203 831 3263 vitae.

156 3288 291 3350 Herculis
315 3292 455 3350 antistare
479 3296 576 3350 autem
600 3291 627 3349 si
650 3290 725 3350 iacta
746 3290 879 3372 putabis,

157 3376 273 3457 longius
297 3397 313 3438 a
334 3395 404 3438 vera
426 3376 518 3438 multo
541 3379 655 3437 ratione
678 3379 782 3438 ferere.

158 3467 227 3545 quid
251 3466 413 3527 Nemeaeus
436 3467 515 3526 enim
537 3465 623 3526 nobis
646 3483 725 3528 nuno
746 3485 869 3546 magnus
890 3465 987 3526 hiatus

857 3564 894 3620 9*
