2484 3800
446 149 729 208 Pnocneotfflrtl.
1028 152 1091 208 LIX

80 295 169 357 rebit.
217 313 296 358 nunc
327 295 364 357 ad
397 296 513 376 singula
539 298 637 360 redeo.
666 331 709 342 -
739 295 921 362 137—140.
951 296 1023 361 141.
1052 299 1088 360 de

79 383 254 446 anacolutho
273 404 298 446 v.
317 392 345 464 p.
359 383 434 445 XXl.
453 418 496 428 —
517 384 580 448 159
603 404 673 448 cum
689 392 819 450 certas
829 384 973 466 pervenit
987 386 1024 449 in
1040 404 1090 449 res

80 472 196 533 Susem.
210 472 277 552 Brg.
287 472 388 553 philol.
402 472 495 534 XXIX
508 471 582 536 421.
614 472 698 537 alico
714 475 772 546 00.
786 475 851 537 edd.
875 479 985 557 inepte,
1004 478 1090 555 quasi

80 559 238 640 pleraeque
253 579 303 622 res
318 561 496 639 imaginibus
510 565 668 624 transitum
682 563 849 642 praebeant
867 581 961 627 roras
970 563 1088 625 Lotzius

80 651 114 708 in
127 649 227 728 philol.
240 649 291 710 Vll
304 669 332 729 p.
345 646 417 730 704,
434 652 506 712 vitio
515 659 681 733 perspecto,
698 670 759 712 non
772 661 916 714 correcto.
926 686 968 712 -ψ
982 649 1046 715 160
1059 659 1089 713 51

81 734 146 800 165
172 739 294 800 vestem:
322 736 499 817 Oppenried.
523 757 547 800 a.
573 737 657 802 1841
685 738 809 821 cadmo,
837 740 916 819 quod
944 760 1012 803 cum
1038 740 1089 802 alii

79 833 143 887 tum
151 825 206 886 Mr.
215 825 388 907 probarunt,
396 825 524 907 Lotuius,
536 827 584 888 hic
593 827 653 888 illis
662 831 785 909 cautior,
793 828 919 908 probare
928 847 988 889 non
998 847 1088 890 ausus

79 922 132 975 est.
148 947 191 958 —
210 911 272 977 165
282 920 442 993 poscunt
456 914 514 986 00.
529 915 559 976 P.
574 914 711 998 Langen,
729 916 828 996 philol.
842 916 958 977 XXXIV
972 914 1014 979 28
1023 935 1087 996 sqq.

79 1036 121 1046 -
134 1004 276 1083 possunt,
300 1002 437 1064 videlicet
460 1003 629 1085 simulacra,
652 1022 727 1083 qnae
750 1023 786 1065 ex
810 1006 853 1065 eis
877 1023 951 1083 quae
974 1022 1089 1065 summa

78 1093 108 1151 in
137 1091 230 1153 rebus
258 1097 328 1152 sunt
354 1092 498 1152 condunt:
523 1089 609 1170 pollo
635 1094 681 1153 est
700 1091 762 1154 Lm
780 1092 812 1152 B.
831 1092 884 1153 ΜΓ.
908 1092 959 1153 sed
987 1092 1023 1153 cl.
1052 1092 1087 1152 ad

77 1177 193 1242 11957
221 1185 252 1240 et
279 1197 368 1258 supra
399 1197 428 1258 p.
451 1178 511 1240 XX.
535 1213 577 1223 —
604 1177 668 1242 180
692 1197 742 1242 res
768 1181 827 1242 c'bl
852 1178 1088 1260 respondendo.

76 1268 175 1328 ka.
200 1267 267 1328 lin:
293 1264 606 1338 5151011118.-
633 1267 697 1331 184
717 1264 753 1328 in
775 1285 864 1347 quem
890 1286 1025 1348 quaeque
1046 1264 1088 1330 lo

76 1374 147 1418 crem
166 1352 286 1418 diverso
303 1353 436 1418 monice
457 1354 596 1418 1551111511
622 1354 894 1428 1111151115θο01.
918 1355 1085 1428 1515111100.

77 1461 200 1508 versum
227 1461 281 1504 suo
308 1443 373 1504 loco
399 1447 509 1506 retinet
534 1444 600 1525 Mn,
627 1444 700 1505 illud
727 1462 862 1524 quaeque
888 1453 969 1507 recte
997 1447 1088 1506 inter·

77 1540 221 1614 pretatus.
272 1538 339 1611 post
364 1529 427 1594 175
446 1525 526 1617 (155
548 1525 630 1615 Brg.)
659 1532 802 1594 collocant
828 1532 891 1594 Lm.
914 1532 960 1614 B.,
985 1531 1091 1596 modat

77 1621 255 1684 scribentes.
303 1617 365 1682 198
384 1639 428 1698 sq.
457 1618 539 1700 qood
558 1617 580 1702 †
600 1618 734 1700 parvolo
760 1637 863 1683 causo
908 1622 965 1682 boc
991 1640 1088 1700 neque

77 1728 186 1772 sanum
217 1708 335 1768 videtur
365 1726 432 1769 esse
463 1727 560 1788 neque
596 1709 691 1770 adhuc
727 1709 879 1771 emendari
909 1711 1013 1789 potuit.
1046 1743 1088 1752 -

80 1795 145 1861 195
159 1797 222 1858 Lm.
238 1796 269 1856 Β.
288 1803 356 1876 post
368 1794 434 1858 205
450 1798 642 1878 transierunt,
659 1797 712 1858 llr.
726 1805 807 1858 recte
822 1816 875 1860 sno
889 1797 954 1858 loco
972 1800 1088 1859 retinet.

79 1922 122 1933 -
130 1883 197 1949 202
210 1882 497 1965 conmemorare
510 1887 625 1965 queunt
631 1902 681 1967 55,
695 1884 832 1948 videlieet
838 1905 899 1966 per
907 1883 1090 1949 cemoeter-

77 1972 236 2039 oalbcm..
254 1973 355 2054 philol.
374 1973 467 2035 XXIX
482 1972 562 2036 437:
580 1973 706 2053 omma
719 2022 749 2036 ..
766 1992 816 2037 res
832 1975 890 2047 00.
909 1975 975 2037 edd.
993 1975 1089 2056 uudgo,

80 2063 217 2127 absurde.
232 2096 274 2106 -
291 2059 356 2125 203
376 2056 468 2146 (Lm.)
486 2065 518 2123 in
537 2082 622 2123 suum
637 2062 734 2124 locum
752 2065 885 2141 reposuit
903 2064 966 2144 ΜΓ..
984 2063 1088 2124 aller·

81 2154 183 2233 naysio
201 2158 269 2231 post
285 2148 347 2214 188
364 2150 546 2212 collocatum.
570 2148 644 2232 202,
662 2148 727 2215 203
746 2145 825 2231 (208
839 2146 921 2234 Brg.)
939 2151 1090 2214 caelum-

80 2259 139 2320 que
159 2238 264 2320 robure
282 2238 354 2311 OQ:
381 2237 552 2317 circumque
573 2237 635 2300 Lm.
659 2272 702 2283 -
725 2236 788 2299 211
812 2254 936 2303 nonne
957 2257 1033 2299 corr.
1056 2238 1088 2309 0.

82 2330 178 2391 num:
205 2344 303 2407 quom
329 2326 387 2399 00.
406 2328 469 2388 Lm.
488 2327 519 2388 B.
537 2327 590 2388 Mr.
617 2360 662 2378 -
688 2324 753 2389 218
779 2324 884 2389 rideo
909 2324 1092 2404 respondent

82 2416 119 2479 o'ro
140 2434 224 2496 aquo
242 2413 425 2479 ...moedi
447 2416 507 2487 00.
528 2414 622 2494 vulgo.
641 2416 737 2476 ka.
756 2414 822 2475 Mn:
843 2412 958 2476 muodo
980 2413 1043 2475 Lm.
1057 2413 1089 2474 B.

84 2540 126 2551 ·-
145 2502 208 2567 221
227 2502 324 2567 mira
343 2502 463 2583 fateare
484 2505 630 2566 necessest
645 2523 662 2561 *
680 2522 773 2583 paene
797 2510 910 2564 eertum
934 2510 980 2563 est
1001 2504 1033 2563 in
1054 2520 1090 2562 eo

84 2612 172 2655 versu
204 2594 255 2671 qui
286 2592 396 2653 excidit
430 2600 497 2672 post
528 2591 590 2654 221
624 2591 692 2670 Brg.
724 2593 816 2653 luisse
849 2587 1016 2653 mobililole
1046 2624 1089 2633 -

86 2678 368 2761 [217-229Lm.].
387 2687 542 2759 postquam
552 2679 937 2742 Lucretiusaocuratissime
951 2680 988 2741 de
999 2680 1090 2740 simu·

86 2771 171 2832 laeuis
194 2772 267 2849 egit,
290 2768 493 2829 demonstrare
516 2786 582 2829 esse
605 2771 725 2829 omnino
744 2768 862 2829 eliluvia
880 2761 1089 2851 (ἀπορροίας)

87 2876 158 2939 quac
190 2875 295 2917 sensus
326 2856 522 2938 lacesserent,
554 2874 685 2917 summae
718 2862 798 2917 esset
828 2858 965 2936 ineptiae.
1008 2863 1089 2916 recte

88 2949 175 3026 igitur
192 2946 287 3005 ka.
316 2946 446 3024 itemque
474 2943 562 3005 Goeb.
586 2944 700 3005 observ.
723 2963 751 3024 p.
770 2942 813 3007 23
835 2962 939 3005 versus
962 2963 999 3005 ex
1021 2942 1039 3004 l.
1053 2943 1091 3002 Vl

89 3026 289 3118 (ent-933)
302 3032 361 3093 huo
379 3033 535 3093 translatos
553 3031 669 3094 tollunt
705 3033 784 3111 quod
803 3031 915 3093 Gellius
933 3039 964 3093 et
976 3031 1090 3092 Nonius

88 3124 133 3184 hic
163 3122 313 3202 legerunt,
344 3120 400 3182 hoc
427 3139 519 3182 unum
549 3119 678 3181 declarat
705 3123 763 3182 iam
791 3128 854 3181 tum
881 3120 1090 3199 interpolatum

88 3212 174 3273 luisse
207 3227 334 3270 carmen.
362 3242 405 3252 -
436 3207 501 3270 222
527 3208 596 3269 hinc
622 3208 706 3268 Blum.
733 3208 905 3271 Lucretium
935 3211 976 3269 ila
1006 3214 1090 3288 putat

90 3298 210 3379 capitula
229 3298 420 3378 disposuisse,
442 3304 476 3358 ut
493 3299 623 3376 primum
642 3296 746 3358 doceat
764 3297 834 3376 quid
854 3296 1011 3357 simulacra
1026 3295 1089 3355 elii-
1210 3348 1213 3352 .

89 3391 169 3469 ciant,
180 3389 205 3447 si
219 3404 279 3447 non
294 3386 504 3466 impediantur:
519 3382 867 3466 239-268,6511165(15
881 3384 1090 3464 impeditorum

89 3479 116 3537 vi
140 3484 168 3537 et
195 3475 302 3536 ellectu
330 3475 456 3535 disserat
479 3470 662 3535 299-322.
708 3469 896 3537 348-363:
919 3479 982 3532 tum
1005 3472 1091 3549 sequi
