2484 3800
165 115 229 179 146
649 109 676 163 V

234 266 281 321 001
303 261 392 320 etiem
415 273 531 336 quoque
555 258 599 316 uti
621 259 717 335 possit
739 255 854 317 caelum
876 274 962 317 omne
985 275 1108 317 manere

234 351 265 409 in
289 349 428 427 statione,
451 352 548 405 tamen
572 363 641 405 cum
663 344 760 405 lucida
782 346 866 423 signa
888 344 1035 424 serantur,

235 438 296 496 sive
319 435 398 514 quod
420 432 527 494 inclusi
550 432 647 512 rapidi
669 439 738 493 0001
760 432 888 493 aetheris
912 438 1011 493 aestus

165 540 217 592 540
235 528 468 603 quaerentesque
491 523 567 581 uam
591 522 859 582 circumversantur
881 527 912 581 et
933 522 1017 599 ignes
1128 544 1169 585 eso

164 613 345 691 521passim
368 628 421 689 per
444 606 517 670 00011
539 607 659 669 volvunt
682 611 846 670 summania
868 608 990 688 templa,
1236 603 1238 696 1

236 702 297 760 0100
320 698 437 761 aliunde
459 697 555 758 110000
578 697 712 758 alicunde
736 700 921 758 extrinsecus
943 702 995 757 aer

235 795 333 849 versat
354 804 444 866 agens
467 787 556 866 ignis,
579 788 641 846 sive
664 787 722 865 ipsi
745 803 865 865 serpere
887 792 1013 864 possunt

236 895 294 956 quo
318 877 460 954 cuiusque
484 872 567 934 cibus
589 881 674 933 vocat
695 880 784 952 atque
806 875 911 934 invitat
932 875 1044 953 euntis,

166 981 218 1032 545
236 965 369 1025 llammea
391 980 445 1041 per
468 960 582 1022 caelum
604 964 753 1041 pascentis
775 979 900 1041 corpora
921 964 1041 1040 passim.
1128 983 1169 1023 05

166 1060 304 1114 5100001
326 1051 397 1131 quid
420 1052 451 1111 in
474 1049 529 1110 hoc
553 1050 662 1110 mundo
685 1052 724 1110 sit
747 1067 850 1110 eorum
872 1067 982 1129 ponere
1006 1057 1123 1111 certum
1237 1033 1239 1162 1

230 1140 397 1202 difficilest:
421 1137 473 1199 sed
496 1137 567 1216 quid
590 1139 686 1217 possit
707 1139 816 1217 fiatque
838 1156 893 1217 per
915 1155 1001 1197 omne
1237 1213 1238 1220 ἵ

236 1232 269 1290 10
291 1230 380 1289 variis
402 1225 520 1287 mundis
543 1228 624 1286 varia
646 1228 760 1287 ratione
783 1228 904 1307 creatis,

237 1317 268 1378 id
291 1317 396 1396 doceo,
418 1314 570 1395 plurisque
594 1331 703 1393 sequor
726 1314 883 1393 disponere
906 1330 1024 1393 causas,

167 1423 220 1472 550
237 1404 366 1465 motibus
390 1410 536 1464 astrorum
559 1420 634 1481 quae
656 1405 773 1481 possint
795 1421 861 1463 0000
883 1415 939 1481 per
962 1418 1064 1482 omne3
1132 1422 1171 1464 00

168 1502 253 1554 5310
276 1493 383 1573 quibus
406 1510 464 1552 000
485 1497 584 1551 tamen
607 1492 665 1550 0101
685 1490 734 1551 hic
758 1509 875 1569 quoque
898 1507 986 1550 causa
1008 1496 1170 1569 necessest,
1238 1475 1239 1546 l

239 1599 313 1661 quae
335 1586 438 1657 vegeat
458 1585 572 1639 motum
596 1579 702 1657 signis:
725 1578 777 1639 sed
802 1596 877 1657 quae
900 1580 939 1638 sit
962 1595 1066 1638 earum
1238 1577 1239 1582 ’

239 1670 409 1748 praecipere
436 1667 682 1746 hautquaquamst
707 1667 918 1746 pedetemptim
942 1666 1169 1744 progredientis.

283 1755 344 1816 Neo
366 1757 488 1815 minimo
512 1754 583 1814 solis
605 1756 700 1815 maior
721 1760 786 1815 rota
808 1773 863 1815 nec
886 1756 984 1814 minor
1006 1753 1115 1814 ardens

169 1860 220 1912 555
240 1862 305 1906 0000
328 1849 438 1924 001001,
460 1844 569 1904 nostris
593 1860 681 1922 quam
704 1840 840 1905 sensibus
862 1860 929 1904 esse
943 1840 1077 1903 uidetur.
1132 1863 1171 1906 05

169 1942 224 1993 560
238 1951 306 1993 nam
329 1931 436 2010 quihus
459 1950 475 1991 0
499 1933 601 2011 0001110
625 1949 751 2010 cumque
774 1934 858 2010 ignes
880 1930 993 1992 lumina
1015 1939 1141 2010 possunt
1239 1956 1240 2011 0

240 2020 356 2082 adicere
378 2026 409 2080 et
431 2019 557 2081 calidum
580 2019 721 2080 membris
744 2019 852 2080 adllare
875 2037 1028 2100 vaporem,

240 2104 361 2170 0111110
382 2108 430 2168 his
452 2106 614 2169 intervallis
638 2107 675 2168 de
698 2125 823 2186 corpore
845 2106 939 2168 libant

239 2197 435 2277 flammarum,
457 2196 500 2255 nil
522 2195 558 2256 ad
582 2198 741 2275 speciemst
763 2198 941 2256 contractior
965 2197 1052 2274 ignis.

170 2303 221 2354 ooo
239 2285 377 2366 proinde,
399 2284 479 2345 calor
501 2286 641 2363 quoniam
664 2283 734 2344 solis
756 2282 915 2363 lumenque
938 2284 1094 2363 profusum
1133 2306 1172 2346 00

169 2382 222 2432 571
240 2375 415 2453 perveniunt
437 2378 555 2433 nostros
579 2372 614 2432 ad
639 2390 743 2433 sensus
766 2378 797 2432 et
819 2371 883 2432 loca
905 2371 1050 2450 mulcent,
1132 2393 1171 2435 00

240 2463 333 2522 torma
355 2479 472 2541 quoque
494 2460 564 2520 hinc
587 2459 658 2520 solis
681 2459 769 2520 debet
791 2459 931 2539 filumque
953 2459 1063 2540 videri,
1133 2482 1168 2522 en

239 2550 282 2610 nil
304 2548 376 2610 adeo
398 2555 433 2608 ut
454 2550 552 2628 possis
574 2547 642 2627 0100
665 2555 716 2609 001
738 2549 837 2608 minus
861 2548 982 2629 addere,
1004 2565 1082 2607 vere.
1133 2569 1171 2610 on

239 2637 366 2716 lunaque
390 2639 450 2697 sive
473 2636 563 2696 notho
587 2636 681 2697 fertur
704 2635 767 2696 1000
789 2635 901 2697 lumine
924 2635 1068 2716 lustrans,
1134 2656 1171 2714 nro

122 2759 126 2768 ·
169 2741 222 2792 505
241 2727 302 2792 sive
326 2742 409 2786 suam
432 2726 552 2804 proprio
576 2726 664 2785 iactat
687 2723 723 2784 de
747 2741 871 2803 corpore
894 2723 1003 2804 lucem,

168 2821 225 2872 570
241 2812 384 2893 quidquid
407 2813 438 2872 id
462 2819 519 2892 est,
542 2811 602 2872 nilo
626 2812 721 2873 fertur
742 2814 855 2872 maiore
877 2813 971 2890 figura

241 2919 341 2982 quam,
363 2902 474 2961 nostris
497 2899 591 2960 oculis
615 2919 672 2979 qua
696 2903 861 2981 cernimus,
884 2918 949 2960 0000
973 2899 1100 2960 videtur.

239 3008 308 3050 nem
330 2991 412 3069 prius
436 2990 546 3069 omnia,
569 3006 643 3066 quae
667 2988 753 3067 longe
777 2995 889 3049 semota
911 2997 1030 3048 tuemur

241 3081 384 3156 seraper
407 3075 546 3156 multum,
571 3079 669 3156 000010
692 3077 813 3138 0001000
834 3075 972 3136 ridentur
1135 3098 1173 3140 ooo

111 3193 113 3200 ·
170 3180 222 3230 510
242 3182 329 3242 quam
352 3166 446 3224 minui
468 3162 558 3224 filum.
597 3171 777 3244 quopropter
799 3163 869 3225 1000
891 3170 1056 3245 necessest,

168 3250 479 3329 581quandoquidem
501 3251 609 3312 claram
634 3255 764 3331 speciem
787 3258 957 3332 certamque
980 3252 1106 3330 figuram

241 3337 377 3419 praebet,
399 3344 499 3399 01001
524 3341 584 3399 oris
608 3343 749 3401 extremis
771 3359 898 3420 cumque
920 3347 1020 3401 notata

557 3423 650 3504 [574]
665 3455 707 3478 =
720 3425 795 3490 571.
