2484 3800
496 123 776 182 PROLEGOMENA.
1053 125 1141 180 LXXI

115 287 195 334 esse
206 268 331 348 potissi
342 269 374 330 B.
393 272 554 349 ingeniose.
588 269 660 333 linc
676 269 763 334 illim
780 270 884 350 00000
896 274 1006 334 utnon
1018 275 1141 352 eatpor

118 407 182 421 ...
208 359 260 420 Mr.
284 358 340 420 alia
362 358 427 418 vide
451 377 496 438 ap.
519 359 645 422 Pollicm
668 359 703 422 de
727 368 780 421 art.
803 379 865 422 voc.
888 380 916 441 p.
941 358 984 423 35
1006 380 1063 442 sq.,
1086 364 1139 440 qui

118 452 195 528 ipse
209 449 343 527 proxime
361 447 397 506 ad
411 465 514 508 verum
529 447 669 509 accedere
687 455 771 527 putat
783 449 852 510 hoc:
870 447 942 511 linc
955 446 1042 511 illinc
1049 448 1140 528 parii

118 538 163 597 oet
176 553 243 614 por
258 534 288 598 si
299 551 379 614 pore
397 551 460 597 esse
471 533 603 614 potissit.
623 569 665 579 -
685 534 750 599 910
767 535 822 599 secl
837 553 904 600 rea
920 555 1055 616 potaeque
1070 538 1138 599 Mn:

117 623 184 686 secl
204 622 234 685 si
254 641 389 702 quaeque
403 622 461 694 00.
484 621 531 685 cia
552 623 647 685 LmB.
666 658 708 666 —
728 622 793 686 933
811 644 854 704 sq.
877 624 1021 688 decursus
1042 624 1139 705 aquei

120 709 241 790 larpo'
268 709 342 774 citat
436 708 538 773 saecla
560 710 709 792 ferorum.
749 711 888 774 Ritschel.
915 733 941 774 v.
963 714 1034 775 Poll.
1057 715 1075 775 1.
1100 734 1138 776 c:

119 797 296 862 clooiciioti
313 817 335 860 0
352 801 379 860 te
397 798 455 870 00.
474 795 631 880 clooipilct
648 801 711 861 Lm.
729 801 760 861 B.
765 849 774 883 ‚
797 801 850 862 sed
868 801 934 862 vide
952 802 1007 863 Mr.
1024 810 1084 864 not.
1102 802 1137 864 le

120 885 229 958 claru’
246 887 320 950 citat
331 886 473 966 Forbiger
486 888 539 950 Mr.
558 921 600 931 —
621 886 686 951 935
702 887 862 968 00100000
876 884 952 972 (Lm.
966 893 1047 969 vagis
1063 885 1136 975 00.)

119 974 284 1040 alveolo
302 971 414 1054 100070
425 973 587 1052 petebant
599 979 715 1057 scripsi,
731 976 874 1057 probante
889 977 1041 1038 Giussano.
1069 997 1138 1038 nam

121 1074 159 1128 et
185 1063 259 1144 oapi
285 1061 426 1126 tenebam
449 1063 608 1126 absurdum
636 1073 683 1126 est
707 1073 737 1126 et
759 1065 838 1144 quod
860 1068 927 1144 quis
950 1067 1034 1143 quasi
1057 1066 1138 1127 domi

120 1154 244 1233 habeat,
266 1160 299 1214 ut
322 1170 439 1231 semper
460 1153 567 1235 videat,
589 1153 619 1213 id
642 1155 741 1233 inepte
760 1152 875 1214 dicatur
893 1156 979 1215 scire.
999 1187 1041 1197 —
1063 1151 1136 1216 965.

123 1239 205 1304 975.
237 1239 310 1304 968.
343 1238 407 1303 969
439 1238 533 1304 silos
559 1241 618 1313 00.
651 1243 687 1302 ci.
718 1240 749 1302 L.
776 1241 889 1303 Mifler.
921 1241 958 1302 de
989 1260 1022 1303 rc
1051 1250 1136 1303 metr.

122 1351 155 1411 p.
172 1327 246 1392 350.
258 1363 300 1372 —
311 1326 375 1391 970
390 1323 469 1412 (958
483 1323 565 1413 Brg.)
580 1327 667 1392 0000
679 1323 877 1414 00000100
890 1327 1052 1392 cadaloici
1062 1325 1136 1414 00.)

125 1437 199 1480 cum
221 1417 362 1478 Lambino
385 1435 500 1479 omnes:
522 1418 594 1480 haec
618 1420 716 1478 omnia
738 1426 818 1480 recte
839 1418 953 1500 Mumo‚
975 1421 1034 1480 nisi
1057 1419 1136 1498 quod

122 1503 216 1569 3000
233 1504 280 1568 sic
297 1505 413 1566 scribit:
433 1505 637 1568 Lachmannus
655 1506 752 1568 locum
770 1509 922 1587 pervertit,
944 1525 1012 1568 cum
1030 1526 1134 1568 versus

126 1599 173 1656 sic
198 1593 333 1655 collocat:
356 1591 428 1656 967.
448 1591 521 1657 968.
541 1592 605 1658 969
627 1592 842 1674 00009000οθ
856 1611 953 1674 pares
968 1592 1063 1657 subeas

126 1680 204 1745 975.
241 1680 305 1745 969
334 1729 394 1742 ...
421 1679 575 1744 silveclrio
613 1680 757 1745 membro.
820 1686 869 1744 cui
908 1690 1025 1762 praeter
1065 1683 1136 1745 Ber·

125 1773 264 1851 naysium
278 1788 365 1830 nemo
379 1787 517 1831 assensus
532 1777 585 1832 est.
596 1803 638 1814 —-
649 1769 712 1833 977
727 1773 764 1833 ul
773 1769 843 1852 ficri
850 1773 984 1850 possent
991 1769 1138 1834 mirarier

126 1859 221 1921 Madv.
249 1859 361 1920 advers.
390 1860 453 1920 crit.
481 1858 507 1919 Π
533 1877 560 1939 p.
589 1857 641 1922 28.
686 1856 756 1941 pleri
776 1861 881 1939 pessel
905 1856 1051 1923 moerim
1077 1859 1135 1933 00.

126 1950 191 2010 Lm.
219 1947 251 2008 B.
276 1947 343 2027 Mc,
370 1947 448 2025 quod
470 1947 619 2009 Madvicus
642 1965 754 2009 meram
776 1947 942 2009 barbariem
965 1968 1031 2010 esse
1054 1950 1135 2010 dicit.

126 2072 172 2081 -
197 2034 262 2099 972
288 2032 464 2113 validique
490 2032 667 2107 100000.
690 2039 709 2097 1
732 2055 757 2097 e.
785 2043 816 2097 et
836 2036 908 2096 alias
930 2036 1019 2097 validi
1041 2037 1136 2098 leonis

126 2126 264 2187 adventu.
300 2142 357 2203 quc
374 2123 436 2204 Mc,
460 2124 511 2184 sed
534 2143 567 2184 re
589 2142 650 2185 non
671 2131 835 2203 perspecta.
871 2120 1005 2187 validive
1025 2124 1088 2186 Lm.
1103 2125 1136 2187 B.

126 2247 172 2257 -
201 2210 265 2275 976
292 2209 442 2275 lamentis
469 2211 518 2284 00
546 2214 711 2292 aptissime:
738 2208 867 2273 labentis
892 2210 954 2271 Lm.
981 2212 1027 2294 lt,
1058 2213 1137 2292 quod

125 2303 188 2363 nisi
212 2301 248 2363 de
272 2318 342 2361 sene
367 2303 415 2361 rix
439 2300 498 2362 dici
515 2303 617 2381 possit.
641 2334 683 2345 -
707 2298 769 2363 981
795 2305 832 2362 el
853 2316 984 2378 quos-z
1013 2300 1138 2382 0100,

10 2422 13 2429 =
126 2389 209 2470 quod
235 2407 290 2468 per
317 2406 349 2449 se
377 2406 444 2450 cum
471 2397 551 2451 recte
580 2408 611 2450 se
639 2388 760 2469 haheat,
791 2406 856 2448 eam
882 2394 982 2447 tamen
1009 2386 1046 2447 ob
1073 2406 1137 2449 rem

125 2480 202 2541 ferri
229 2478 345 2557 nequit,
372 2476 451 2555 quod
479 2476 515 2537 ab
537 2478 640 2538 cadem
664 2476 765 2538 vocula
787 2496 812 2536 v.
838 2474 902 2538 986
925 2494 960 2535 ea
982 2477 1137 2558 incipiunt,

126 2586 205 2646 quae
219 2568 357 2645 antiquae
376 2568 421 2626 rei
439 2565 601 2626 conditioni
619 2573 815 2645 opponuntur.
830 2597 872 2605 —
888 2559 954 2625 984
960 2561 1139 2643 privarunt

126 2656 237 2734 Saupp.
257 2654 294 2714 de
317 2652 380 2714 cod.
399 2653 506 2714 Victor.
529 2672 557 2733 p.
578 2652 627 2715 16.
664 2653 734 2714 PolL
753 2654 772 2714 l.
791 2673 815 2715 c.
835 2686 877 2695 —-
891 2649 1062 2732 privarent
1079 2653 1137 2724 00.

125 2743 194 2805 edd.
214 2776 257 2787 ·-
276 2760 395 2803 versum
414 2739 477 2804 993
502 2744 528 2802 si
545 2740 700 2803 Lueretius
723 2742 852 2821 scripsit,
873 2740 946 2801 hora
963 2758 1024 2802 non
1042 2742 1137 2803 fausta

126 2833 259 2911 scripsit.
284 2863 325 2873 —
350 2827 413 2891 997
437 2828 618 2891 00000001
643 2830 741 2893 aliis
765 2826 918 2891 sollertius
940 2832 1047 2910 scripsi
1070 2849 1137 2892 eum

126 2920 299 3000 Bernaysio,
313 2918 391 2997 quod
401 2914 475 2979 aliia
488 2917 740 2997 simplicissimum
754 2936 820 2979 esse
833 2917 1000 2979 videbatur:
1017 2917 1140 2981 000001

125 3004 281 3069 sollertiis
298 3005 357 3077 00.
380 3022 463 3067 occe
483 3020 515 3067 se
536 3004 659 3067 coloci
678 3005 750 3087 Lm,
772 3024 789 3066 a
812 3010 957 3067 sententia
975 3014 1036 3068 toto
1056 3006 1137 3068 caelo

127 3094 278 3157 aberrans.
314 3093 411 3156 cocci
431 3111 515 3155 0000
538 3092 616 3155 dorii
633 3094 685 3155 Mr.
709 3126 751 3137 —
775 3091 839 3156 999
862 3091 973 3155 molier
995 3142 1046 3155 ...
1069 3112 1138 3157 con»

124 3181 218 3245 cessit
233 3182 269 3245 in
285 3200 383 3244 onom
396 3202 413 3241 s
427 3180 549 3262 copnilo
560 3183 692 3245 sociiis.
711 3179 876 3244 ‘cocullum
885 3182 947 3242 Lm.
962 3181 1138 3262 eoniopiom

125 3270 159 3333 B.
179 3272 215 3333 ci.
234 3291 262 3351 p.
280 3270 451 3331 xxvii-
475 3268 558 3332 1007
577 3288 632 3333 nec
648 3267 766 3332 laedere
782 3288 837 3332 occ
848 3266 961 3332 oiolooi
977 3270 1136 3350 respondet

126 3360 172 3419 illi
192 3359 316 3439 Epicuri
342 3358 421 3436 quod
444 3366 490 3420 est
513 3378 557 3439 ap.
580 3358 661 3438 Diog.
684 3358 779 3419 Laert.
807 3365 845 3419 et.
868 3357 894 3418 X
917 3376 979 3437 par.
1004 3355 1068 3419 150
1091 3355 1135 3437 μὴ

127 3444 286 3527 βλάπτειν
302 3440 384 3527 μηδὲ
402 3444 613 3526 βλάπτεσθαι.
629 3481 671 3489 -
688 3443 772 3508 1035
787 3463 829 3523 sq.
848 3442 924 3523 quid
937 3441 1024 3506 vellet
1032 3444 1135 3523 facere
