2484 3800
538 133 577 188 VI
995 133 1060 198 183

125 289 155 343 et
178 298 381 361 quaecumque
404 283 436 341 in
459 299 494 341 eo
517 287 581 341 tum
604 282 665 340 sint
687 280 832 360 deprensa
854 264 982 342 tumultu

52 378 109 429 430
124 372 238 448 navigia
260 372 292 430 in
315 386 463 429 summum
485 371 604 429 veniant
626 375 728 429 vexata
749 368 902 447 periclum.
1019 392 1060 432 eso

124 459 180 519 boc
203 458 236 517 fit
257 456 310 517 ubi
332 457 481 518 interdum
503 474 563 517 non
587 460 651 535 quit
673 459 717 517 vis
739 458 829 517 incita
851 460 932 519 venti

52 564 106 613 425
125 563 263 625 rumpere
287 563 375 624 quam
398 546 495 624 coepit
517 543 640 624 nubem,
663 544 716 605 sed
739 544 890 626 deprimit,
912 553 946 606 ut
968 548 1007 606 sit

125 636 156 695 in
179 652 260 695 mare
282 633 319 693 de
342 632 422 695 caelo
445 640 594 712 tamquam
616 632 745 693 demissa
768 631 915 714 columna,

125 721 277 802 paulatim,
301 723 386 800 quasi
409 721 478 800 quid
501 738 599 800 pugno
622 720 800 799 bracchique
824 739 950 800 superne

52 817 110 869 435
125 812 260 871 000ὶοοω
282 809 418 869 trudatur
440 816 470 869 et
493 809 668 869 extendatur
689 811 721 869 in
741 809 848 891 undas3
1019 831 1061 872 aas
1125 827 1128 833 ’

127 916 214 977 quam
236 915 304 958 cum
326 897 460 978 discidit,
481 896 552 957 binc
573 900 778 976 prorumpitur
800 900 831 957 in
853 915 934 959 mare
957 900 1037 958 venti

53 1003 108 1054 4οο
126 988 170 1046 vis
193 992 223 1046 et
245 986 390 1046 fervorem
412 987 522 1046 mirum
545 986 702 1047 concinnat
723 988 755 1045 in
777 985 879 1046 undis:

126 1072 328 1134 versabundus
350 1075 430 1134 enim
453 1073 539 1133 turbo
563 1073 717 1135 descendit
739 1080 769 1135 et
790 1072 871 1134 illam

126 1161 245 1223 deducit
267 1163 378 1240 pariter
400 1160 479 1222 lento
503 1179 571 1221 oum
593 1179 717 1240 corpore
739 1160 862 1243 nubem,
958 1207 961 1212 -

53 1257 110 1309 440
126 1268 214 1329 quam
236 1247 324 1309 simul
347 1268 381 1309 ac
404 1249 551 1327 gravidam
570 1249 698 1310 detrusit
715 1249 751 1309 ad
769 1268 897 1330 aequora
914 1251 1007 1330 ponti,
1020 1273 1061 1313 440

126 1337 176 1399 ille
199 1340 231 1399 in
253 1355 358 1416 aquam
380 1336 479 1397 subito
501 1344 596 1398 totum
619 1356 652 1397 se
674 1338 797 1398 inmittit
819 1345 850 1398 et
872 1355 958 1399 omne

53 1444 108 1493 435
128 1427 237 1487 excitat
258 1427 371 1503 ingenti
395 1428 493 1486 sonitu
516 1443 597 1485 mare
619 1426 734 1485 fervere
758 1443 874 1503 cogens.

126 1515 160 1574 lit
182 1531 299 1593 quoque
322 1520 356 1573 ut
377 1513 504 1574 involvat
525 1515 606 1574 venti
629 1531 661 1573 se
684 1512 813 1574 nubibus
838 1517 901 1593 ipse
978 1564 983 1573 .

126 1609 241 1681 vertex,
264 1601 427 1663 conradens
449 1620 486 1662 ex
509 1606 576 1662 aere
600 1603 712 1661 semina
734 1601 835 1682 nubis,

52 1697 157 1751 445οῑ
179 1692 264 1769 quasi
286 1689 446 1751 demissum
469 1688 549 1750 caelo
571 1697 706 1768 prestera
729 1692 873 1752 imitetur:
1019 1711 1061 1753 440

127 1778 176 1838 bic
198 1777 250 1838 ubi
273 1796 305 1837 se
328 1779 359 1837 in
382 1784 476 1838 terras
499 1776 618 1838 demisit
641 1776 848 1859 dissoluitque,

52 1884 109 1935 440
127 1865 255 1927 turbinis
278 1868 435 1926 immanem
458 1867 516 1926 vim
538 1868 685 1944 provomit
707 1872 794 1945 atque
815 1865 970 1946 procellae.

129 1954 181 2015 sed
204 1957 272 2033 quia
294 1955 328 2014 llt
349 1972 416 2014 raro
439 1955 558 2015 omnino
580 1956 749 2032 montisque
772 1963 924 2016 necessest

129 2043 248 2102 officere
270 2044 302 2102 in
324 2044 427 2122 terris,
449 2048 570 2120 apparet
592 2041 726 2102 crebrius
748 2042 828 2102 idem

52 2139 113 2190 450
129 2138 288 2209 prospectu
310 2132 400 2190 maris
423 2131 454 2189 in
476 2147 581 2206 magno
604 2128 745 2208 caeloque
766 2132 886 2208 patenti
1021 2153 1062 2194 eac

173 2217 278 2278 Nubila
301 2224 507 2296 concrescunt,
531 2215 582 2277 ubi
604 2234 727 2295 corpora
749 2216 841 2277 multa
862 2216 985 2278 rolando

52 2325 109 2374 445
129 2307 185 2367 boc
208 2323 315 2385 supero
338 2307 371 2367 in
393 2303 466 2365 caeli
489 2306 583 2383 spatio
607 2310 704 2366 coiere
727 2312 848 2383 repente

129 2396 292 2474 asperiora,
314 2393 409 2453 modis
433 2410 507 2471 quae
529 2394 646 2471 possint
667 2392 838 2472 indupedita

130 2484 244 2561 exiguis
266 2489 365 2542 tamen
386 2483 465 2542 inter
488 2498 520 2542 se
543 2498 716 2560 comprensa
738 2483 842 2541 teneri.

53 2578 113 2630 455
129 2571 201 2630 baec
224 2570 335 2630 faciunt
355 2571 485 2648 primum
506 2586 610 2647 parvas
634 2570 797 2630 consistere
820 2567 926 2628 nubes:
1020 2589 1061 2631 aaa

129 2658 198 2720 inde
222 2675 255 2718 ea
278 2657 492 2736 comprendunt
514 2658 592 2717 inter
615 2675 647 2718 se
670 2675 784 2736 conque
807 2663 966 2735 gregantur

53 2752 160 2812 450οῑ
183 2745 386 2824 coniungendo
409 2753 548 2806 crescunt
569 2747 723 2823 ventisque
745 2745 881 2805 feruntur

129 2851 224 2912 usque
247 2833 319 2894 adeo
343 2833 436 2893 donec
458 2840 617 2912 tempestas
641 2851 726 2893 saeva
748 2839 884 2893 coortast.

129 2923 163 2982 llt
185 2940 302 3001 quoque
325 2924 370 2982 uti
392 2923 501 2982 montis
523 2923 619 2981 vicina
641 2923 793 2982 cacumina
815 2919 896 2980 caelo

52 3018 114 3069 460
130 3028 217 3089 quam
236 3012 297 3070 sint
314 3027 446 3089 quaeque
464 3011 566 3088 magis,
589 3016 670 3069 tanto
689 3011 781 3087 magis
800 3008 878 3068 edita
896 3008 1009 3068 lument
1022 3030 1064 3070 cao

129 3098 252 3159 adsidue
274 3098 376 3158 lurvae
398 3096 485 3157 nubis
508 3095 632 3174 caligine
656 3115 755 3157 crassa

53 3205 110 3253 455
129 3194 286 3265 propterea
308 3188 389 3265 qrria,
413 3202 480 3245 cum
503 3186 670 3244 consistunt
692 3184 791 3245 nubila
814 3187 957 3265 primum,

64 3327 66 3334 ,
129 3281 197 3335 ante
219 3274 318 3334 videre
343 3272 420 3333 oculi
442 3290 530 3351 quam
552 3274 668 3351 possint
690 3275 799 3354 tenvia,
824 3276 905 3334 venti

128 3369 280 3441 portantes
303 3369 409 3440 cogrmt
433 3361 469 3422 ad
493 3378 606 3421 summa
629 3364 780 3423 cacumina
802 3364 924 3423 montis:

53 3459 113 3510 455
128 3450 178 3510 bic
201 3449 318 3510 demum
340 3450 375 3511 lit
396 3451 441 3511 uti
461 3448 548 3510 turba
570 3452 683 3512 maiore
706 3459 806 3513 coorta
973 3530 977 3538 ἱ
1024 3468 1066 3510 cea
