2484 3800
544 144 582 199 VI
1002 145 1065 210 185

130 292 305 370 concipiunt
327 292 415 351 etiam
438 289 563 351 multum
587 310 703 370 quoque
726 310 813 370 saepe
835 293 981 352 marinum

129 398 280 461 umorem,
302 378 393 439 veluti
415 379 572 457 pendentia
595 379 703 439 vellera
725 378 808 440 lanae

41 476 109 529 505
132 487 201 529 cum
224 486 331 547 supera
353 485 491 545 magnum
513 485 594 527 mare
617 470 698 527 venti
719 466 820 528 nubila
841 474 967 546 portant.
1025 489 1064 531 505

131 556 282 617 consimili
304 557 417 615 ratione
440 574 477 615 ex
500 555 637 616 omnibus
660 554 795 616 amnibus
817 574 902 616 umor

42 662 107 713 500
130 643 245 705 tollitur
267 646 298 703 in
321 643 417 704 nubis.
455 661 512 722 quo
536 662 603 704 cum
625 644 699 704 benc
723 645 835 704 semina
858 662 999 722 aquarum

129 732 225 793 multa
246 730 341 792 modis
363 731 464 792 multis
488 749 650 792 convenere
672 732 803 811 undique
826 731 960 813 adaucta,

131 820 282 881 confertae
304 818 398 879 nubes
421 816 531 881 5550555
554 818 708 881 demittere
731 827 845 880 certant
884 892 888 899 .

44 917 111 968 510
130 908 302 987 dupliciter:
324 925 392 967 nam
414 910 459 968 vis
481 910 561 969 venti
584 908 746 989 contrudit,
768 910 884 987 etipsa
1023 932 1064 972 mo

131 997 218 1075 copia
240 995 408 1056 nimborum
429 995 516 1055 turba
538 998 650 1057 maiore
674 1003 773 1057 coacta

44 1100 110 1151 505
130 1091 232 1164 urget,
255 1083 291 1144 de
315 1086 422 1161 supero
445 1086 566 1164 premit,
589 1102 622 1144 ac
645 1085 716 1145 lacit
739 1084 859 1145 effluere
881 1083 993 1145 imbris.

130 1179 285 1252 praeterea
308 1190 375 1232 cum
397 1179 551 1232 rarescunt
573 1190 690 1251 quoque
713 1172 813 1233 nubila
835 1174 930 1232 ventis

130 1267 183 1321 aut
205 1259 415 1340 dissolvuntur,
439 1260 509 1320 solis
537 1278 628 1338 super
649 1262 708 1320 iota
730 1259 840 1341 calore,

48 1356 113 1407 515
129 1351 253 1408 mittunt
274 1366 408 1408 umorem
430 1348 573 1429 pluvium,
597 1347 777 1428 stillantque,
800 1350 885 1427 quasi
904 1350 965 1426 igni
1023 1368 1062 1411 ma

132 1455 201 1497 cera
224 1454 313 1515 super
336 1435 429 1496 calido
451 1436 606 1496 tabescens
629 1436 721 1496 multa
742 1436 894 1515 liquescat

49 1524 110 1591 oio
132 1524 185 1585 sed
208 1541 327 1584 vemens
350 1523 445 1584 imber
467 1525 513 1605 lit,
535 1523 587 1584 ubi
608 1531 760 1586 vementer
782 1531 906 1603 utraque

131 1611 234 1673 nubila
256 1614 286 1671 vi
308 1612 453 1673 cumulata
474 1619 649 1691 premuntur
672 1620 703 1673 et
724 1615 833 1692 impete
856 1614 943 1674 venti

132 1708 220 1779 atque
243 1707 346 1761 tenere
369 1700 421 1761 diu
443 1700 558 1779 pluviae
580 1700 759 1780 longumque
781 1704 892 1761 morari

50 1796 117 1849 520
130 1795 323 1868 consuerunt,
345 1788 397 1849 ubi
419 1787 510 1849 multa
532 1792 648 1850 cientur
670 1792 782 1850 semina
803 1808 958 1871 aquarum,
1022 1812 1063 1853 ooo

132 1883 220 1956 atque
243 1875 307 1938 aliis
330 1876 403 1938 aliae
425 1876 519 1938 nubes
542 1877 693 1957 nimbique
716 1879 846 1957 rigantes

52 1983 111 2033 515
132 1969 256 2044 insuper
278 1961 365 2043 atque
389 1969 469 2026 omni
490 1965 576 2045 vulgo
599 1966 636 2026 de
658 1974 741 2045 parte
764 1967 912 2048 feruutur,

130 2061 270 2132 terraque
293 2071 360 2114 cum
382 2054 497 2114 lumans
520 2072 654 2114 umorem
675 2061 736 2113 tota
758 2053 897 2114 redbalat

131 2142 182 2202 bic
204 2140 255 2201 ubi
278 2140 322 2201 sol
344 2141 448 2221 radiis,
471 2148 676 2220 tempestatem
700 2143 778 2202 inter
801 2160 934 2223 opacam,

53 2237 114 2290 525
131 2229 254 2290 adversa
276 2229 361 2308 fulgit
382 2228 550 2288 nimborum
573 2231 726 2307 aspargine
750 2236 864 2309 contra,
1021 2252 1062 2295 aas

131 2325 195 2378 tum
219 2316 299 2377 color
321 2319 352 2378 in
375 2319 468 2394 nigris
492 2317 591 2377 existit
612 2315 741 2377 nubibus
764 2319 857 2395 arqui.

53 2424 112 2473 520
177 2404 281 2466 Cetera
308 2423 382 2483 quae
410 2423 527 2466 sursum
552 2412 690 2465 crescunt
711 2422 888 2492 sursumque
910 2414 1061 2487 creantur,

132 2499 163 2554 ct
186 2511 259 2571 quae
282 2499 477 2553 concrescunt
498 2495 530 2552 in
552 2492 694 2574 nubibus,
717 2495 828 2573 omnia,
848 2511 987 2572 prorsum

21 2581 23 2586 ’
133 2583 243 2661 omnia,
265 2582 316 2640 nix
338 2583 418 2642 venti
440 2581 550 2659 grando
573 2580 744 2659 gelidaeque
765 2582 889 2660 pruinae

55 2677 116 2729 530
133 2675 164 2728 et
184 2671 228 2728 vis
251 2687 356 2747 magua
378 2668 448 2749 geli,
470 2687 608 2747 magnum
631 2669 773 2730 duramen
796 2687 950 2748 aquarum,
1021 2692 1061 2734 seo

136 2749 145 2837 ll
159 2763 188 2816 et
209 2775 292 2818 mora
315 2776 389 2837 quae
411 2758 515 2820 fluvios
537 2760 648 2838 passim
670 2758 800 2818 refrenat
821 2759 930 2834 cuntis,
943 2750 953 2839 ll

54 2865 112 2918 525
131 2846 299 2927 perfacilest
321 2854 419 2907 tameo
440 2845 513 2906 haec
535 2847 668 2924 reperire
691 2846 847 2921 animoque
869 2842 969 2903 videre

131 2938 228 2996 omnia
250 2952 308 3014 quo
330 2941 414 3014 pacto
438 2934 508 2994 fiant
531 2951 588 3011 qua
610 2951 679 2993 reve
702 2938 852 3011 creentur,

131 3042 197 3084 cum
220 3023 295 3084 bene
319 3023 454 3101 cognoris
477 3020 632 3082 elementis
654 3019 768 3081 reddita
791 3037 865 3097 quae
888 3020 956 3078 sint.
1020 3039 1061 3080 aaa

553 3127 570 3166 e

127 3209 129 3211 ’
174 3198 323 3278 Principio
346 3215 426 3257 mare
449 3199 594 3256 mirantur
615 3213 675 3256 non
698 3195 822 3256 reddere
845 3196 939 3256 maius
1020 3212 1060 3253 coe

132 3294 277 3368 naturam,
301 3304 357 3365 quo
381 3288 421 3345 sit
442 3292 541 3345 tantus
565 3284 707 3345 decursus
730 3301 884 3364 aquarum,
942 3298 944 3303 ·

59 3392 114 3443 550
133 3378 229 3436 omnia
252 3393 309 3455 quo
327 3376 446 3434 veniant
468 3393 504 3434 ex
528 3375 609 3433 omni
630 3373 751 3433 flumina
773 3379 864 3451 parte.
1021 3392 1060 3431 oro

59 3470 115 3523 611
133 3462 204 3523 adde
226 3481 314 3540 vagos
337 3463 441 3523 imbris
463 3469 711 3541 tempestatesque
734 3460 877 3542 volantes,
