2484 3800
55 319 113 371 650
130 321 161 375 et
182 314 282 375 videas
305 313 417 375 caelum
442 320 566 378 summai
588 320 679 379 totius
702 338 794 380 unum

135 421 224 482 quam
247 404 286 463 sit
308 404 427 481 parvula
449 419 517 483 pars
541 414 571 466 et
594 425 680 486 quam
703 408 869 470 multesima
892 419 1018 491 constet,

54 506 185 556 646666
207 496 268 550 tota
290 510 372 571 pars,
394 492 481 552 homo
504 496 595 555 terrai
617 503 706 573 quota
728 498 819 557 totius
842 517 927 559 unus.

130 579 208 658 quod
231 578 306 639 bene
329 582 513 659 propositum
536 584 563 642 si
585 581 672 661 plane
694 592 850 645 contueare

129 686 164 727 ac
186 666 285 727 rideas
307 668 407 749 plane,
430 671 532 730 mirari
554 669 646 731 multa
668 671 825 751 relinquas.

54 760 114 813 655
127 758 268 834 numquis
291 758 370 815 enim
393 764 528 817 nostrum
550 761 688 840 miratur,
711 762 805 839 siquis
827 763 859 821 in
882 769 963 823 artus
1024 785 1063 826 666

131 845 244 923 accepit
266 842 360 904 calido
384 844 489 905 febrim
512 846 628 907 fervore
651 855 781 908 coortam

54 948 111 997 660
131 939 183 992 aut
205 930 295 992 alium
319 935 450 1010 quemvis
473 934 570 994 morbi
591 953 646 1013 per
668 936 800 997 membra
822 934 975 997 dolorem?

131 1022 312 1099 opturgescit
335 1022 413 1080 enim
437 1021 534 1082 subito
556 1041 622 1103 pes,
645 1026 750 1103 arripit
772 1044 839 1086 acer

130 1127 219 1187 saepe
242 1107 325 1168 dolor
347 1108 464 1190 dentes,
486 1109 586 1171 oculos
609 1111 720 1172 invadit
741 1114 772 1172 in
794 1115 888 1193 ipsos,

55 1204 115 1255 660
131 1198 231 1257 existit
254 1214 338 1256 sacer
360 1199 437 1276 ignis
461 1205 491 1257 et
512 1200 573 1259 urit
595 1217 718 1278 corpore
742 1218 864 1279 serpens
1023 1224 1062 1264 ooo

131 1302 344 1363 quamcumque
368 1287 493 1368 arripuit
514 1288 621 1365 partim
644 1290 780 1366 repitque
802 1307 856 1367 per
879 1296 974 1370 artus,

54 1388 109 1439 666
130 1376 284 1453 nimirum,
307 1374 376 1451 qnia
398 1381 466 1433 sunt
488 1374 647 1435 multarum
670 1378 783 1436 semina
805 1395 917 1457 rerum,

130 1469 161 1523 et
184 1464 254 1521 satis
276 1459 349 1521 hacc
371 1460 459 1522 tellus
481 1462 567 1522 nobis
591 1463 762 1541 caelumque
785 1464 854 1524 mali
876 1466 946 1545 fert,

128 1549 207 1611 unde
231 1555 319 1627 queat
340 1551 384 1609 vis
408 1552 546 1611 immensi
567 1569 757 1629 procrescere
780 1553 884 1613 morbi.

54 1645 112 1697 665
128 1641 172 1699 sic
195 1639 285 1716 igitur
307 1639 361 1697 toti
385 1637 464 1698 caelo
487 1646 642 1716 terraeque
664 1641 854 1718 putandumst
1021 1664 1060 1705 cos

129 1745 166 1787 ex
188 1726 302 1786 infinito
327 1726 398 1785 satis
420 1729 518 1787 omnia
541 1729 743 1810 suppeditare,

54 1832 110 1882 666
128 1815 207 1876 unde
230 1821 351 1892 repente
374 1821 463 1892 queat
484 1814 571 1876 tellus
596 1834 739 1877 concussa
760 1819 872 1879 moveri

128 1921 240 1984 perque
263 1920 344 1962 mare
366 1921 400 1962 ac
423 1910 517 1964 terras
540 1905 660 1982 rapidus
683 1924 858 1984 percurrere
881 1906 982 1986 turbo,

52 2059 53 2066 χ
128 1993 206 2070 ignis
230 1989 378 2051 abundare
401 1990 558 2072 Aetnaeus,
581 1991 783 2053 flammescere
806 1993 932 2054 caelum:

52 2087 113 2139 670
130 2081 161 2140 id
184 2097 300 2158 quoquc
323 2080 403 2139 enim
426 2079 471 2159 fit,
495 2087 524 2139 et
547 2079 704 2140 ardescunt
726 2081 864 2141 caelestia
885 2081 1006 2163 templa3
1020 2105 1060 2145 cro

129 2175 159 2228 et
180 2173 370 2245 tempestates
392 2165 506 2244 pluviae
530 2169 663 2245 graviore
687 2174 789 2228 coortu

51 2273 109 2325 666
129 2262 210 2335 sunt,
233 2254 285 2314 ubi
307 2255 383 2314 torte
406 2256 446 2313 ita
468 2273 500 2314 se
522 2252 685 2315 tetulerunt
707 2257 818 2315 semina
842 2273 992 2333 aquarum.

128 2339 170 2404 ‘at
191 2345 279 2403 nimis
303 2349 349 2402 est
371 2345 475 2419 ingens
498 2341 616 2402 incendi
638 2342 774 2403 turbidus
798 2338 905 2403 ardor?

129 2431 255 2512 scilicet,
278 2438 308 2491 et
330 2431 436 2490 fluvius
459 2432 510 2509 qui
533 2433 612 2491 visus
635 2431 771 2492 maximu’
795 2433 930 2509 cuiquest

550 2537 567 2576 e

52 2615 113 2669 675
130 2609 182 2686 qui
203 2626 263 2668 666
285 2613 353 2667 ante
376 2605 503 2684 aliquem
525 2609 667 2667 maiorem
688 2607 775 2688 vidit,
798 2614 828 2668 et
849 2608 953 2686 ingens
1021 2630 1060 2671 666

129 2695 216 2756 arbor
238 2696 383 2773 homoque
406 2694 535 2775 videtur,
558 2701 588 2754 et
610 2697 707 2755 omnia
730 2696 766 2755 de
788 2713 895 2773 genere
919 2696 998 2755 omni

52 2801 109 2851 670
128 2785 253 2844 maxima
276 2801 350 2862 quae
373 2782 447 2842 vidit
469 2784 607 2863 quisque,
629 2782 702 2844 haec
723 2785 853 2862 ingentia
875 2783 972 2864 fingit,

128 2889 195 2932 cum
217 2879 315 2932 tamen
338 2873 435 2931 omnia
458 2890 526 2931 oum
549 2870 629 2932 caelo
652 2877 788 2949 terraque
812 2872 945 2949 marique

127 2959 170 3020 nil
193 2961 253 3019 sint
275 2959 310 3020 ad
334 2977 477 3019 summam
501 2961 625 3019 summai
647 2961 738 3019 totius
762 2976 887 3018 omnem.

51 3055 113 3106 680
170 3047 255 3108 Nunc
277 3054 377 3108 tamen
399 3046 448 3106 illa
470 3047 565 3107 modis
589 3046 696 3126 quibus
719 3048 838 3106 inritata
860 3055 981 3126 repente
1020 3071 1059 3111 666

126 3136 242 3196 ilamma
264 3135 342 3196 foras
365 3137 455 3195 vastis
477 3135 586 3195 Aetnae
609 3133 778 3195 fornacibus
802 3134 894 3215 efflet,

52 3239 107 3290 666
127 3224 287 3302 expediam.
324 3225 452 3303 primum
474 3225 565 3282 totius
589 3221 714 3282 subcava
736 3224 846 3283 montis

126 3319 172 3373 est
193 3320 310 3393 natura,
332 3312 395 3372 lere
419 3309 534 3370 silicum
558 3310 676 3372 sullulta
699 3313 867 3374 cavernis..

126 3400 262 3461 omnibus
286 3407 331 3460 est
352 3417 441 3479 porro
464 3400 495 3459 in
518 3398 667 3478 speluncis
688 3406 793 3461 ventus
817 3406 847 3459 et
869 3403 927 3459 air.

50 3494 110 3546 605
124 3494 228 3549 ventus
252 3489 331 3548 enim
353 3489 398 3568 fit,
421 3487 502 3549 ubist
524 3488 659 3568 agitando
681 3490 813 3568 percitus
836 3492 899 3548 air:
1017 3507 1057 3548 cas
