2484 3800
563 151 602 206 IV
1028 154 1088 217 111

79 315 136 363 530
155 305 185 358 01
207 297 315 377 gelidis
338 300 423 378 cycni
444 307 531 360 nocte
554 302 615 360 oris
639 318 675 360 ex
697 299 846 362 Heliconis
1051 322 1091 362 555

79 402 138 453 546
154 405 223 447 cum
245 386 388 465 liquidam
409 387 517 448 tollunt
539 387 659 467 lugubri
681 405 752 449 5000
776 385 973 467 querellamfl

198 474 293 535 Hasce
316 477 407 553 igitur
428 478 548 554 penitus
570 494 657 537 voces
680 494 748 537 cnm
771 495 893 556 corpore
916 484 1018 537 nostro

154 565 349 641 exprimimus
371 571 511 642 rectoque
534 565 613 624 ioras
637 566 799 625 emittimus
822 583 886 645 ore,

154 650 274 711 mobilis
296 650 432 712 articulat
453 650 612 713 verborum
635 652 755 713 daedala
777 652 888 732 lingua,

80 756 135 806 535
154 740 374 818 formaturaque
397 739 548 800 labrorum
569 758 624 819 pro
647 748 731 820 parte
753 742 866 820 figurat.
1052 762 1092 803 550

80 828 212 895 551hoc
233 826 287 888 uhi
309 845 369 887 non
391 828 511 907 longum
533 831 691 907 spatiumst
713 828 791 889 unde
813 847 872 890 una
894 830 1025 907 proiecta

154 917 307 995 perveniat
328 933 385 975 505
408 935 555 997 quaeque,
577 923 730 977 necessest
752 916 841 977 verba
863 935 980 996 quoque
1002 920 1067 996 ipsa

154 1004 241 1083 plane
264 1004 397 1065 exaudiri
421 1005 609 1083 discernique
633 1004 822 1065 articulatim:
1053 1026 1091 1068 555

154 1099 253 1153 servat
275 1095 354 1152 enim
377 1093 568 1153 formaturam
591 1100 746 1172 servatque
768 1094 900 1171 figuram.

81 1197 135 1246 040
155 1187 186 1241 at
208 1182 236 1241 si
257 1182 466 1260 interpositum
489 1183 616 1259 spatium
640 1182 679 1241 sit
702 1180 817 1259 longius
841 1198 948 1261 aequo,

82 1285 139 1336 550
155 1273 225 1329 adra
246 1286 301 1347 per
323 1268 448 1329 multum
471 1269 612 1330 confirndi
634 1268 724 1329 rerba
745 1278 898 1330 necessest

156 1364 187 1418 et
210 1356 381 1417 conturbari
402 1375 518 1438 vocem,
540 1357 610 1418 dum
633 1357 794 1418 transvolat
815 1376 909 1419 auras.

155 1463 227 1524 ergo
250 1446 296 1525 fit,
319 1448 448 1507 sonitum
469 1452 505 1506 ut
526 1447 623 1524 possis
647 1447 771 1526 sentire,
796 1464 892 1524 neque
915 1445 995 1507 illam
1053 1468 1092 1511 500

155 1536 372 1614 internoscere,
394 1533 551 1594 verborum
575 1536 720 1595 sententia
744 1552 818 1613 quac
842 1537 893 1595 sit:

82 1638 135 1688 545
154 1640 251 1701 usque
273 1621 346 1682 adeo
369 1623 491 1682 coniusa
512 1624 672 1684 50011505
694 1624 783 1702 inque
806 1622 913 1702 pedita.

82 1727 136 1778 551
154 1716 309 1789 praeterea
331 1709 455 1770 verbum
478 1728 566 1789 saepe
587 1728 681 1770 unum
703 1712 817 1789 perciet
839 1714 918 1771 auris

156 1796 295 1859 omnibus
317 1800 349 1857 in
371 1797 493 1878 populo,
515 1800 641 1858 missum
662 1801 817 1877 praeconis
841 1799 877 1859 ab
900 1817 960 1861 ore.

155 1889 188 1948 in
210 1885 318 1948 multas
339 1888 430 1965 igitur
451 1904 539 1948 voces
561 1905 616 1947 505
640 1906 698 1948 una
721 1894 842 1967 repente
1052 1911 1091 1952 555

155 1975 285 2056 diffugit,
307 1977 340 2035 in
361 1978 459 2054 privas
482 1978 621 2054 quoniam
644 1994 676 2035 se
700 1975 803 2036 dividit
826 1980 920 2057 00515,

81 2080 137 2129 050
156 2062 315 2142 obsignans
338 2063 462 2124 formam
487 2063 570 2124 verbi
592 2062 763 2142 clarumque
786 2081 932 2125 sonorem.

80 2169 140 2220 566
155 2159 185 2212 at
208 2169 283 2230 quae
304 2170 373 2230 pars
396 2169 500 2212 vocum
522 2169 581 2211 non
605 2153 685 2211 auris
707 2151 813 2212 incidit
836 2154 928 2232 ipsaS,

154 2239 333 2319 praeterlata
354 2241 433 2318 perit
454 2240 564 2299 irustra
587 2239 692 2300 diffusa
714 2257 769 2318 per
791 2257 891 2299 auras:

155 2345 226 2407 pars
249 2327 352 2388 solidis
374 2326 466 2387 adlisa
488 2326 561 2388 locis
583 2329 695 2387 reiecta
717 2345 854 2387 sonorem
1052 2348 1094 2388 550

156 2415 256 2476 reddit
277 2423 308 2476 et
329 2415 478 2476 interdum
501 2416 661 2476 irustratnr
684 2417 811 2493 imagine
834 2414 924 2475 verbi.

81 2520 136 2570 555
157 2522 233 2583 quae
254 2503 331 2564 bene
354 2521 421 2564 cum
444 2503 557 2584 rideas,
579 2505 724 2564 rationem
746 2503 871 2564 reddere
893 2505 991 2582 possis

81 2609 137 2660 571
158 2598 223 2652 tute
244 2591 301 2651 tibi
323 2599 411 2670 atque
434 2591 512 2672 aliis,
535 2608 593 2670 quo
615 2599 702 2671 pacto
723 2610 778 2671 per
800 2591 864 2651 loca
887 2591 948 2650 sola

158 2698 227 2740 saxa
248 2682 329 2758 paris
351 2681 460 2740 formas
483 2678 641 2740 verborum
664 2698 700 2740 05
723 2679 826 2740 ordine
849 2679 986 2760 reddant,

156 2767 283 2848 palantis
306 2770 429 2828 comites
452 2785 519 2828 cum
542 2770 651 2828 montis
674 2770 753 2828 inter
775 2785 882 2847 opacos
1054 2790 1093 2830 555

157 2858 328 2936 quaerimus
351 2863 381 2916 et
402 2874 507 2934 magna
530 2855 681 2934 dispersos
704 2873 775 2916 voce
798 2858 918 2916 ciemus.

81 2962 138 3012 500
158 2963 211 3006 sex
233 2947 322 3004 etiam
345 2951 396 3005 aut
417 2951 531 3023 septem
553 2944 617 3004 loca
640 2944 701 3004 ridi
723 2943 848 3004 reddere
871 2944 965 3023 vocis,

80 3050 245 3102 oronnam
268 3051 336 3093 cum
358 3035 483 3092 iaceres:
506 3034 547 3093 ita
570 3031 661 3092 colles
684 3030 807 3092 collibus
830 3033 889 3109 ipsi

156 3120 246 3181 rerba
268 3120 453 3199 repulsantes
475 3119 621 3180 iterabant
643 3119 729 3179 docta
751 3121 866 3180 referri.

156 3209 230 3270 haec
251 3209 315 3269 loca
338 3208 512 3288 capripedes
535 3214 648 3286 satyros
671 3207 872 3287 nymphasque
896 3215 997 3268 tenere
1053 3228 1094 3270 550

156 3299 276 3358 finitimi
297 3298 425 3376 fingunt,
447 3303 478 3356 et
499 3296 603 3356 faunos
626 3313 693 3356 esse
715 3295 866 3376 locuntur,

81 3402 138 3452 555
157 3403 284 3465 quorum
305 3388 458 3463 noctivago
481 3386 607 3463 strepitu
630 3383 757 3463 ludoque
780 3387 890 3445 iocanti

80 3491 139 3544 581
154 3474 310 3536 adfirmant
331 3473 415 3552 volgo
437 3475 584 3534 taciturna
607 3472 724 3534 silentia
747 3476 870 3555 rumpi„
