2484 3800
582 153 606 208 V

159 298 311 378 flabraque
335 306 489 359 ventomm
511 298 639 359 violento
663 297 917 359 turbine‘veraut.

161 394 316 466 praeterea
339 405 432 465 genus
455 387 635 447 horriferum
656 394 761 447 natura
783 387 913 449 ferarum

161 475 307 536 humanae
331 478 411 553 genti
432 475 573 536 infestum
596 482 734 553 terraque
756 477 889 553 marique

89 580 143 629 212
162 582 217 624 cur
240 563 291 623 alit
315 570 401 642 atque
424 559 532 642 auget?
568 581 621 624 cur
644 565 713 623 anni
736 570 868 641 tempora
890 563 1010 624 morbos
1055 585 1095 626 sao

90 667 145 719 221
161 648 338 729 adportant?
373 669 464 729 quare
486 669 567 711 mors
589 654 736 711 inmatura
758 647 899 729 vagatur?

162 746 227 799 tum
248 757 338 818 porro
360 758 447 820 puer,
470 746 503 799 nt
526 741 621 799 saevis
643 741 793 818 proiectus
815 738 851 798 ab
873 738 960 799 undis

163 829 274 909 navita,
296 826 393 887 nudus
415 827 499 888 humi
521 830 609 909 iacet,
632 828 743 908 iulans,
766 826 884 904 indigus
908 828 988 887 omni

163 915 245 976 vitali
268 915 390 995 auxilio,
413 918 632 995 cumprimum
654 918 685 976 in
707 915 828 976 luminis
851 932 919 974 oras

93 1019 145 1069 215
164 1003 283 1064 nixibus
307 1022 343 1064 ex
366 1003 429 1063 alvo
451 1006 554 1064 matris
577 1010 680 1064 natura
702 1004 846 1082 proludit,
1056 1022 1096 1064 125

94 1107 154 1159 226
164 1094 321 1170 vagituque
343 1090 442 1151 locum
462 1090 581 1171 lugubri
605 1091 744 1172 complet,
766 1098 800 1151 ut
822 1097 978 1170 aequumst

166 1182 215 1240 cui
236 1186 349 1240 tantum
371 1182 403 1239 in
425 1182 484 1241 rita
506 1186 598 1240 restet
620 1182 747 1239 transire
770 1178 921 1240 malorum.

166 1274 195 1328 at
217 1270 314 1328 variae
338 1275 475 1329 crescunt
496 1267 626 1347 pecudes
649 1274 779 1328 armenta
802 1268 954 1346 feraeque,

165 1374 221 1416 nec
244 1355 430 1434 crepitacillis
454 1375 527 1435 opus
551 1363 610 1436 est,
633 1374 688 1416 nee
711 1358 848 1434 cuiquam
871 1353 1063 1415 adhibendast

94 1460 147 1509 222
166 1444 258 1504 almae
281 1446 406 1505 nutricis
427 1443 533 1506 blanda
556 1451 642 1524 atque
665 1444 788 1504 infracta
810 1442 948 1523 loquella,
1057 1465 1097 1520 rso

94 1548 222 1599 2311122
243 1534 338 1592 varias
362 1539 506 1610 quaerunt
528 1539 625 1593 restes
647 1550 702 1611 pro
724 1538 858 1609 tempore
880 1530 966 1611 caeli,

166 1620 293 1698 denique
316 1638 376 1680 uon
398 1623 488 1681 armis
511 1637 585 1699 opus
608 1626 666 1701 est,
688 1638 748 1680 non
771 1619 926 1679 moenibus
949 1618 1028 1699 altis,

167 1710 234 1787 quis
258 1726 310 1767 sua
332 1714 478 1788 tutentur,
501 1708 617 1786 quando
641 1707 779 1769 omnibus
801 1710 898 1767 omnia
920 1707 999 1786 large

167 1795 255 1857 tellus
278 1798 342 1874 ipsa
364 1797 442 1874 parit
463 1803 625 1874 naturaque
648 1795 768 1856 daedala
790 1814 899 1857 rerum.

93 1900 148 1952 225
210 1883 359 1963 Principio
382 1886 519 1963 quoniam
541 1886 633 1945 terrai
655 1903 762 1964 corpus
785 1890 815 1945 et
835 1903 921 1945 umor
1057 1904 1096 1945 aaa

93 1989 153 2041 236
165 1990 361 2052 aurarumque
384 1972 463 2032 leves
486 1973 598 2032 animae
623 1972 767 2051 calidique
790 1990 926 2052 vapores,

167 2080 184 2122 e
208 2061 315 2139 quihus
337 2060 414 2121 haee
432 2079 532 2120 rerum
555 2063 718 2120 consistere
742 2078 856 2120 summa
877 2060 1007 2139 ridetur,

168 2151 266 2210 omnia
288 2151 385 2209 nativo
408 2167 442 2208 ac
459 2147 577 2209 mortali
599 2165 723 2226 corpore
746 2153 893 2227 constant,

168 2236 255 2297 debet
278 2237 381 2297 eodem
404 2239 499 2296 omnis
522 2234 627 2297 mundi
648 2242 752 2295 natura
774 2237 880 2314 putari

95 2341 149 2390 230
167 2327 277 2404 quippe
300 2327 422 2405 etenim,
445 2342 570 2404 quorum
592 2326 685 2402 partis
708 2329 738 2383 et
760 2321 891 2382 membra
911 2320 1098 2383 videmusne

94 2429 152 2482 241
168 2431 290 2492 corpore
313 2415 410 2473 nativo
434 2431 467 2472 ac
491 2411 663 2474 mortalibus
686 2429 752 2471 2552
775 2411 890 2490 liguris,

167 2501 240 2560 haec
262 2501 364 2561 eadem
386 2501 478 2560 ferme
501 2499 635 2560 mortalia
658 2501 807 2559 ceruimus
832 2515 897 2558 esse

169 2595 199 2649 et
220 2590 315 2648 nativa
338 2587 434 2648 simul.
472 2595 650 2667 quapropter
673 2589 798 2646 maxima
819 2585 924 2645 mundi

168 2695 235 2737 cum
257 2675 371 2736 rideam
392 2675 524 2736 membra
546 2695 579 2736 ac
602 2677 695 2754 partis
718 2680 891 2752 consumpta
913 2673 1040 2752 regigni,

96 2781 150 2831 235
170 2767 246 2825 scire
268 2763 337 2824 licet
359 2763 433 2824 caeli
456 2782 571 2842 quoque
594 2765 666 2823 item
688 2769 843 2840 terraeque
867 2762 957 2821 luisse
1059 2781 1098 2821 215

95 2869 155 2922 246
166 2851 339 2932 principiale
362 2851 479 2930 aliquod
501 2859 617 2931 tempus
641 2851 810 2929 clademque
833 2850 970 2909 futuram.
1059 2908 1072 2931 ¹

211 2939 286 3000 lllud
309 2942 340 3000 in
362 2940 408 3000 his
431 2939 520 3000 rebus
543 2958 581 3000 ne
604 2941 784 3018 corripuisse
807 2939 901 2997 rearis

168 3047 215 3088 me
237 3027 324 3108 mihi,
348 3028 425 3107 quod
448 3034 558 3089 terram
580 3035 668 3107 atquc
691 3030 789 3106 ignem
811 3025 945 3086 mortalia
968 3024 1081 3102 sumpsi

169 3134 248 3198 esse,
271 3135 367 3195 neque
391 3134 524 3177 umorem
548 3117 677 3178 dubitavi
699 3134 844 3194 aurasque
866 3116 978 3193 perire,

96 3220 150 3270 240
168 3211 255 3284 atque
279 3206 381 3265 eadem
404 3207 485 3284 gigni
507 3222 669 3283 rursusque
693 3221 851 3282 augescere
875 3203 948 3262 dixi:
1062 3221 1101 3262 252

95 3308 153 3361 251
167 3295 315 3372 principio
336 3312 406 3372 pars
429 3295 519 3354 terrai
541 3290 693 3371 nonnulla,
715 3297 837 3370 pemsta

170 3379 281 3441 solibus
304 3381 447 3462 adsiduis,
470 3379 560 3441 multa
582 3379 697 3459 pulsata
719 3380 828 3458 pedum
850 3379 892 3458 vi,

167 3467 299 3548 pulveris
323 3468 436 3529 exhalat
457 3467 594 3529 nebulam
617 3468 770 3547 nubesque
793 3466 931 3544 volantis,
951 3486 954 3493 ·
