2484 3800
133 154 175 219 88
490 212 493 217 ,
615 153 655 207 ΙΙΙ

202 300 276 361 adde
300 300 377 378 quod
396 301 428 359 in
450 300 549 378 nigras
573 298 699 378 lethargi
721 301 866 377 mergitur
887 299 990 360 undas.
1055 310 1060 314 '

247 387 296 447 Nil
317 389 409 466 igitur
430 406 511 447 mors
530 394 576 447 est
593 388 629 447 ad
649 405 703 447 nos
722 405 818 465 neque
837 389 967 466 pertinet
985 386 1091 469 hilum,
1108 410 1156 450 eso

204 475 441 555 qrrandoquidem
464 481 569 535 natura
592 478 683 535 animi
705 474 838 535 mortalis
859 474 994 535 habetur.

134 580 190 631 330
204 571 234 624 et
255 562 335 623 velut
357 570 425 625 ante
448 572 513 624 acto
536 562 579 623 nil
601 570 734 642 tempore
759 565 906 623 sensimus
929 565 1032 645 aegri,
1139 598 1142 607 ·

135 668 186 718 888
204 651 240 712 ad
263 651 479 729 confligendum
501 651 689 712 venientibus
712 651 843 729 undique
865 650 986 731 Poenis,

204 742 302 800 omnia
324 758 391 800 cum
413 739 484 799 belli
507 740 623 818 trepido
647 757 790 800 concussa
813 738 942 799 tumultu

203 827 323 888 horrida
346 834 550 887 contremuere
574 826 630 888 sub
653 827 719 887 altis
743 826 871 887 aetheris
894 829 968 907 oris,
1104 850 1155 891 ees

204 918 237 976 in
259 915 407 994 dubioque
431 915 513 975 inere
536 922 671 975 utrorum
695 915 730 975 ad
753 932 844 993 regna
868 914 1034 975 cadendum

135 1019 190 1070 835
204 1004 340 1064 omnibus
363 1004 500 1064 humanis
523 1010 603 1064 esset
624 1009 762 1081 terraque
783 1004 930 1084 marique,
986 1021 989 1025 ·

135 1109 186 1157 885
206 1094 262 1172 sic,
285 1090 337 1152 ubi
359 1109 419 1151 non
441 1093 566 1171 erimus,
589 1109 657 1153 oum
680 1092 813 1169 corporis
836 1098 923 1169 atque
947 1093 1058 1151 animai

206 1180 363 1240 discidium
386 1179 490 1260 inerit,
513 1179 620 1258 quibus
644 1198 660 1239 e
685 1197 787 1239 sumus
808 1181 908 1239 uniter
930 1182 1005 1261 apti,

206 1268 328 1347 scilicet,
350 1267 428 1327 haud
446 1266 533 1327 nobis
552 1269 719 1347 quicquam,
738 1269 790 1346 qui
808 1284 868 1327 non
886 1269 998 1328 erimus
1017 1274 1089 1349 tum,
1103 1290 1151 1331 oio

208 1356 342 1416 accidere
364 1357 484 1415 omnino
506 1357 617 1434 poterit
640 1372 819 1433 sensumque
842 1372 974 1436 movere,

136 1459 192 1510 840
208 1462 267 1504 non
290 1446 317 1503 si
338 1449 416 1503 terra
439 1445 514 1503 mari
536 1442 711 1503 miscebitur
733 1449 763 1503 et
784 1461 865 1503 mare
889 1443 978 1504 caelo.

138 1526 260 1614 stellet
282 1534 309 1591 si
330 1533 389 1591 iam
411 1538 512 1591 nostro
536 1533 627 1591 sentit
650 1531 686 1591 de
709 1549 832 1610 corpore
855 1537 1012 1609 postquam

208 1619 376 1679 distractast
398 1621 490 1679 animi
512 1626 616 1679 natura
640 1621 812 1697 animaeque
834 1626 980 1701 potestas,

208 1706 250 1767 nil
272 1713 371 1766 tamen
393 1713 439 1766 est
461 1706 497 1766 ad
519 1725 587 1787 nos,
611 1709 662 1786 qui
685 1713 805 1785 comptu
827 1709 1023 1786 coniugioque
1105 1731 1149 1771 aas

208 1796 342 1872 corporis
364 1800 451 1872 atque
474 1796 587 1855 animae
606 1796 796 1855 consistimus
819 1797 919 1855 uniter
941 1797 1010 1874 apti.

139 1896 193 1949 345
208 1900 277 1963 nec,
302 1883 329 1943 si
351 1884 503 1943 materiem
526 1890 657 1944 nostram
680 1881 831 1962 collegerit
853 1890 932 1944 aetas

139 1986 190 2036 845
209 1977 277 2051 post
298 1970 413 2032 obitum
434 1989 610 2050 rursumque
634 1971 782 2049 redegerit
804 1978 838 2032 ut
861 1973 916 2032 sita
938 1989 1018 2032 nunc
1040 1979 1101 2053 est,

210 2066 296 2137 atque
319 2061 428 2119 iterum
450 2058 536 2119 nohis
558 2060 669 2119 fuerint
692 2060 761 2119 data¹
778 2059 890 2120 lumina
912 2062 1002 2140 vitae,

208 2149 355 2227 pertineat
373 2149 529 2226 quicquam
547 2154 646 2206 tamen
664 2147 699 2208 ad
718 2165 773 2207 nos
791 2147 822 2208 id
841 2165 957 2227 quoque
972 2148 1093 2231 lactum,
1106 2172 1152 2212 seo

209 2238 374 2314 interrupta
397 2235 488 2295 semel
510 2253 579 2295 cum
602 2237 825 2318 sitrepetentia
849 2237 952 2296 nostri.

139 2339 195 2390 850
208 2330 239 2384 et
260 2341 339 2383 nunc
361 2322 403 2383 nil
426 2323 462 2382 ad
485 2341 540 2382 nos
563 2322 600 2382 de
623 2322 709 2383 nohis
732 2325 849 2404 attinet,
873 2330 941 2384 ante

140 2426 192 2476 858
210 2413 262 2490 qui
284 2411 406 2490 inimus,
427 2428 523 2488 oeque
544 2413 602 2470 iam
626 2410 662 2470 de
685 2410 744 2470 illis
767 2429 821 2470 nos
845 2411 944 2471 adficit
966 2428 1068 2490 angor.

210 2516 278 2559 nam
300 2516 366 2559 cum
390 2500 532 2577 respicias
555 2500 684 2558 inmensi
705 2500 848 2577 temporis
871 2517 956 2559 omne

209 2589 401 2664 praeteritum
424 2588 564 2666 spatium,
586 2593 650 2646 tum
672 2593 769 2646 motus
793 2588 927 2647 materiai
1047 2607 1072 2620 v·
1107 2609 1151 2650 oso

209 2673 390 2734 multimodis
414 2691 501 2752 quam
524 2676 596 2754 sint,
618 2673 705 2735 facile
727 2674 783 2734 hoc
806 2674 964 2735 adcredere
987 2677 1100 2757 possis,

140 2776 196 2828 855
210 2763 322 2821 semina
345 2779 432 2840 saepe
452 2763 483 2822 in
502 2761 614 2842 eodem,
637 2768 671 2821 ut
688 2779 767 2822 nunc
787 2769 863 2843 sunt,
886 2762 990 2844 ordine
1008 2771 1094 2842 posta
1108 2785 1149 2826 soa

142 2865 192 2914 855
210 2850 283 2909 haec
302 2849 413 2930 eadem,
436 2849 542 2928 quibus
561 2867 577 2909 e
596 2867 676 2909 nunc
693 2867 748 2909 nos
767 2868 879 2931 sumus,
902 2857 968 2910 ante
987 2850 1093 2911 luisse:
1107 2873 1149 2914 eos

210 2954 266 2996 nec
288 2939 411 2997 memori
433 2944 533 2997 tamen
554 2937 584 2997 id
609 2939 726 3015 quimus
745 2938 963 3016 reprehendere
981 2946 1095 2999 mente:
1108 2959 1149 3001 ose

210 3027 289 3084 inter
312 3027 390 3084 enim
413 3028 519 3086 iectast
540 3027 610 3085 vitai
632 3043 736 3106 pausa,
758 3043 888 3104 vageque

212 3112 387 3173 deerrarunt
408 3115 520 3191 passim
541 3120 639 3174 motus
663 3112 700 3173 ah
724 3112 859 3173 sensibus
883 3109 1023 3193 omnesll
1109 3137 1151 3178 ooo

142 3216 198 3267 860
212 3199 300 3259 debet
323 3201 415 3280 enim,
437 3203 546 3261 misere
570 3203 596 3261 si
619 3201 694 3261 forte
718 3219 864 3280 aegreque
887 3201 1063 3284 futummst,

143 3305 194 3355 858
212 3289 276 3366 ipse
296 3304 412 3365 quoque
431 3305 496 3348 esse
515 3290 547 3348 in
561 3307 596 3348 eo
610 3296 673 3349 tum
687 3296 830 3370 tempore,
849 3291 897 3350 cui
911 3289 987 3350 male
1000 3292 1098 3370 possit
1111 3314 1153 3354 aaa

213 3374 360 3435 accidere:
383 3374 413 3432 id
437 3377 575 3453 quoniam
597 3395 678 3438 mors
702 3380 816 3458 eximit,
840 3396 964 3458 esseque
986 3378 1095 3458 probet

212 3461 295 3523 illum
317 3464 366 3522 cui
389 3464 504 3539 possint
526 3465 711 3526 incommoda
734 3465 899 3549 conciliari,
1113 3489 1154 3531 cas
