2484 3800
435 118 717 174 PROLEGOMENA.
1040 117 1080 170 IX

68 268 99 325 in
123 263 296 325 Lucretium
321 271 463 342 quantum
485 283 603 344 possem
626 265 855 344 intellegendum
879 272 909 325 et
929 266 1078 342 corrigen-

69 353 142 412 dum
190 354 329 413 carminis
369 359 482 413 textum
523 373 643 433 operam
681 357 873 434 insumerem,
919 354 985 413 fieri
1020 370 1079 412 non

69 443 168 518 potuit
191 443 263 518 quin
285 443 379 518 magis
397 444 547 520 magisque
567 445 597 502 in
617 442 749 520 singulos
767 460 859 502 annos
878 444 1079 520 perspicerem

70 532 134 588 eius
168 529 353 589 fundamenti
384 547 442 607 quo
474 532 570 590 omnis
602 531 768 591 emendatio
798 532 950 610 carminis,
983 531 1079 590 omnis

69 619 277 696 interpretatio
314 619 456 677 sustineri
491 617 625 698 deberet,
662 619 783 679 alteram
813 625 928 696 partem
961 619 1077 696 egregie

70 708 178 764 iactam
202 723 268 765 esse
291 703 326 764 ab
350 703 549 786 Lachmanno,
578 705 699 766 alteram
721 709 770 766 rix
792 706 966 766 inchoatam.
1011 723 1079 765 nam

70 811 138 852 cum
172 811 291 874 eorum,
327 811 401 870 quae
433 793 469 853 ab
501 797 690 871 grammatico
723 797 923 874 exigerentur,
959 797 991 854 in
1022 795 1080 854 riri

71 883 173 940 eximii
210 880 373 941 clarissimo
410 899 499 960 opere
535 881 610 942 nibil
641 883 703 943 iere
739 883 903 942 desiderari
939 882 1078 961 riderem,

71 971 246 1047 saepissime
274 971 305 1028 in
328 971 373 1028 eis
394 970 455 1030 ridi
478 977 621 1050 erratum,
649 988 723 1048 quae
747 972 811 1030 sine
833 988 953 1029 rerum
974 971 1078 1028 notitia

71 1065 158 1136 atque
182 1059 393 1135 perspicientia
417 1057 549 1135 intellegi
572 1077 631 1118 non
653 1065 782 1137 possent.
829 1059 940 1136 quain
963 1075 995 1117 re
1018 1074 1079 1116 non

72 1153 128 1225 est,
160 1163 217 1206 our
249 1147 315 1222 quis
344 1145 562 1206 Lachmannum
589 1149 744 1226 vituperet
794 1147 846 1223 qui
872 1147 917 1205 vir
945 1163 1077 1205 summus

73 1252 137 1292 cum
176 1238 292 1293 certum
328 1233 473 1310 quoddam
509 1234 675 1294 studiorum
710 1236 768 1294 iter
804 1236 956 1312 ingressus
990 1239 1079 1314 esset,

75 1328 154 1381 erant
193 1339 268 1398 quae
304 1320 369 1380 aliis
406 1320 576 1400 explicanda
608 1330 639 1381 et
673 1322 878 1401 perpurganda
909 1321 1077 1399 relinquere

74 1416 237 1488 cogeretur.
291 1410 389 1486 itaque
425 1411 490 1488 ipse
525 1412 557 1469 in
593 1417 724 1470 extrema
758 1412 963 1470 commentarii
993 1427 1078 1488 prae·

73 1498 181 1556 latione
220 1491 302 1556 ‘licet
337 1490 422 1556 mihi'
458 1498 499 1557 ait
535 1495 578 1557 ‘in
614 1516 666 1577 spe
702 1497 777 1558 laeta
813 1505 952 1576 certaque
988 1499 1078 1557 linem

73 1586 168 1645 lacere
191 1584 354 1665 praefandi,
378 1603 434 1662 qua
457 1585 563 1646 ductus
586 1586 720 1646 futurum
742 1604 870 1664 auguror
892 1592 925 1645 ut
947 1584 1079 1646 Lucretii

74 1691 192 1734 carmen
214 1675 457 1752 interpretatione
476 1673 607 1734 doctiore
626 1669 812 1754 illustretur',
834 1693 922 1753 quam
942 1673 1080 1734 videlicet

74 1760 246 1840 expectabat
277 1779 293 1820 a
321 1760 423 1820 Garolo
452 1760 652 1842 Steinhardto,
684 1761 824 1822 nonnulla
852 1780 903 1839 spe
931 1764 1019 1822 etiam
1046 1763 1078 1820 in

72 1848 245 1910 Reisaclxeri
272 1849 377 1911 studiis
404 1849 507 1928 posita.
553 1845 697 1910 ‘interim'
724 1852 821 1929 inquit
848 1845 893 1910 ‘ut
915 1851 1078 1929 poterimus

73 1938 273 2018 perpoliemus
309 1937 364 1997 hoo
395 1934 534 1998 carmen'.
589 1939 642 1999 sed
674 1939 783 1999 iactum
814 1957 873 1999 non
905 1945 963 2018 est,
1000 1938 1078 2015 quod

74 2033 242 2104 speraverat
278 2027 416 2085 carminis
452 2024 622 2086 Lucretieni
656 2028 819 2087 restitutor.
878 2043 946 2086 nam
982 2024 1078 2085 Stein-

73 2114 195 2175 hardtus
221 2131 289 2172 mox
311 2119 406 2174 totum
429 2132 461 2173 se
485 2114 566 2175 dedit
582 2114 741 2175 Platonicis
765 2114 870 2175 studiis
892 2120 921 2173 et
939 2131 977 2173 ne
995 2112 1078 2172 Reis-

74 2202 198 2261 aokerus
235 2200 355 2279 quidem
385 2199 452 2279 plus
487 2203 546 2262 duo
573 2205 668 2281 capita
686 2202 846 2262 doctrinae
872 2201 1035 2278 Epicureae
1063 2218 1080 2260 a

73 2289 211 2350 Lneretio
237 2295 378 2349 tractatae
405 2292 549 2367 exposuit.
594 2292 692 2369 itaque
716 2294 873 2368 cumpost
895 2287 1079 2348 Gassendum

73 2395 158 2437 nemo
183 2376 221 2435 ad
243 2378 411 2437 universam
429 2376 549 2455 Epicuri
570 2376 782 2457 physiologiam
801 2395 836 2437 ex
855 2375 986 2436 fontibus
1005 2378 1078 2454 ipsis

72 2464 266 2526 hauriendam
296 2472 325 2525 et
351 2467 469 2542 penitus
497 2465 698 2544 explicandam
726 2466 847 2543 aggredi
875 2482 964 2524 ausus
992 2470 1080 2544 esset,

73 2554 147 2614 nihil
175 2551 410 2632 relinquebatur,
442 2555 501 2612 nisi
529 2560 563 2613 ut
590 2556 665 2632 ipse·
682 2554 752 2632 quid
780 2556 811 2613 in
840 2571 874 2613 ea
900 2570 933 2613 re
961 2552 1079 2613 efficere

72 2659 192 2720 possem
220 2642 380 2718 experirer.
428 2648 497 2701 sunt
523 2659 592 2702 vero
620 2648 741 2701 naturae
769 2643 892 2701 rationis
917 2640 1080 2719 Epicureae

72 2730 264 2790 fundamenta
294 2727 380 2806 longe
412 2730 522 2788 maiore
550 2747 587 2789 ex
612 2736 696 2808 parte
723 2731 799 2789 iacta
825 2732 857 2789 in
885 2747 919 2789 ea
946 2726 1080 2807 epistula,

73 2830 162 2897 quam
185 2816 355 2894 Gargettius
378 2816 413 2875 ad
435 2815 616 2877 Herodotum
640 2818 728 2877 dedit
768 2817 799 2878 id
820 2820 911 2895 igitur
929 2816 989 2876 ridi
1006 2814 1081 2874 mihi

72 2908 226 2985 negotium
257 2906 442 2984 impositum,
473 2911 507 2964 ut
532 2905 607 2966 hano
635 2904 791 2983 epistulam
817 2910 1021 2984 perscrutarer
1051 2908 1081 2963 et

72 3012 125 3071 pro
159 2991 241 3052 virili
270 2999 354 3070 parte
386 2992 582 3053 emendarem.
632 2995 837 3053 commentarii
866 2999 896 3052 et
927 2993 1024 3052 critici
1051 2996 1081 3051 et

72 3082 222 3161 exegetici
254 3087 414 3140 extremam
444 3086 558 3158 partem
590 3080 670 3141 edidi
697 3099 772 3140 anno
802 3077 887 3142 1882
918 3082 949 3142 in
981 3077 1079 3138 libello

72 3170 252 3230 scholastico
269 3166 398 3247 Halensi,
417 3170 470 3246 qui
487 3168 661 3228 inscribitur
679 3164 818 3247 ‘Epihurs
836 3166 920 3226 Brief
935 3184 973 3225 an
988 3164 1080 3225 Hero·

72 3258 136 3338 dot,
164 3256 232 3317 Par,
260 3253 412 3335 68-83,
444 3255 594 3317 ubersetzt
620 3255 682 3316 und
712 3256 853 3315 erliutert
883 3271 940 3313 von
972 3251 1020 3311 Dr.
1047 3252 1080 3312 rb

71 3339 219 3423 Brieger'.
265 3346 296 3403 in
327 3344 374 3403 his
401 3362 470 3403 vero
500 3344 605 3404 studiis
634 3362 702 3403 cum
726 3359 869 3420 versarer,
893 3338 1080 3418 opportunis·

71 3436 149 3495 sime
169 3431 277 3492 accidit
296 3431 373 3509 quod
386 3430 571 3492 Hermannus
586 3430 700 3491 Usener
719 3447 786 3490 cum
805 3428 912 3488 ceteris
926 3425 1079 3503 Epicureis
