2484 3800
552 173 566 226 Ι
1018 175 1062 239 15

119 338 190 380 nam
214 338 400 399 quacumque
423 327 505 381 vacat
528 322 669 401 spatium,
698 321 775 399 quod
800 324 887 382 inane
909 340 1061 403 vocamus,

121 427 231 488 corpus
255 427 290 468 ea
312 426 373 468 non
396 414 454 468 est:
478 427 536 487 qua
558 426 649 487 porro
673 427 797 487 cumque
821 416 902 471 tenet
925 428 957 471 se

121 515 245 576 corpus,
269 514 303 557 55
325 514 450 557 vacuum
472 514 658 575 nequaquam
681 504 796 557 constat
817 500 912 559 inane.

44 593 103 643 510
122 592 193 646 sunt
214 587 308 664 igitur
330 584 423 645 solida
446 603 480 645 ac
503 587 567 645 sine
590 586 673 645 inani
696 603 818 664 corpora
841 589 944 665 prima.
1021 599 1062 641 ero

44 680 101 731 505
122 682 277 753 praeterea
301 675 441 752 quoniam
463 675 571 751 genitis
594 675 626 733 in
648 672 738 734 rebus
761 676 890 755 inanest,

121 763 277 822 materiem
299 764 413 822 circum
436 760 559 821 solidam
582 767 718 822 constare
736 769 902 843 necessest;

90 869 97 877 ·
122 869 178 911 nec
200 868 251 910 res
274 849 334 910 ulla
355 856 454 928 potest
476 867 545 909 vera
568 851 682 910 ratione
705 849 825 928 probari

19 1007 23 1011 ,
123 956 248 1018 corpore
271 940 359 999 inane
382 956 436 998 sno
460 936 556 998 celare
579 944 667 1017 atque
690 940 769 999 intus
792 938 914 1019 babere,
987 986 992 993 .

48 1034 105 1085 515
122 1030 148 1088 si
170 1045 245 1107 non,
269 1026 348 1105 quod
371 1025 502 1106 cohibet,
525 1025 653 1087 solidum
676 1033 811 1087 constare
833 1026 997 1105 relinquas:
1021 1039 1062 1081 555

49 1122 103 1172 510
123 1116 155 1176 id
177 1133 268 1195 porro
290 1114 334 1175 nil
356 1132 422 1174 esse
445 1121 544 1193 potest
565 1116 626 1174 nisi
648 1116 783 1175 materiai

124 1202 297 1284 concilium,
320 1202 399 1281 quod
421 1204 508 1262 inane
533 1209 621 1281 queat
643 1220 744 1262 rerum
768 1201 914 1262 cohibere.

122 1293 264 1353 materies
287 1293 391 1370 igitur,
415 1290 509 1351 solido
534 1308 608 1369 quae
632 1308 755 1369 corpore
779 1297 905 1371 constat,

123 1398 191 1441 esse
214 1387 334 1440 aeterna
356 1385 467 1459 potest,
490 1397 558 1439 oum
581 1385 679 1439 cetera
702 1377 911 1439 dissoluantur.

51 1476 109 1528 520
123 1476 189 1529 tum
210 1486 300 1546 porro
324 1469 350 1527 si
372 1466 416 1527 nil
438 1474 518 1527 esset
540 1468 618 1545 quod
642 1469 728 1527 inane
751 1472 879 1548 vacaret,
1022 1481 1062 1521 555

52 1564 104 1613 515
123 1574 211 1617 omne
234 1556 312 1616 foret
334 1555 474 1616 solidum:
497 1556 557 1615 nisi
579 1562 682 1615 contra
706 1573 829 1634 corpora
852 1562 933 1615 certa

124 1652 239 1724 essent,
262 1662 337 1723 quae
360 1643 424 1703 loca
447 1642 629 1721 complerent
652 1662 854 1722 quaecumque
877 1650 1027 1726 tenerent,

124 1751 211 1793 omne
235 1733 313 1811 quod
337 1738 383 1792 est
405 1734 546 1812 spatium,
567 1750 692 1793 vacuum
716 1739 864 1793 constaret
886 1735 982 1793 inane.

124 1822 247 1882 alternis
270 1823 373 1903 igitur,
395 1822 550 1900 nimirum,
573 1838 681 1899 corpus
704 1822 786 1882 inani

550 1928 568 1966 ss

54 2009 110 2061 525
124 2000 339 2078 distinctumst,
362 1999 501 2076 quoniam
523 2016 579 2058 nec
600 1997 721 2075 plenum
743 2000 857 2058 naviter
880 2004 960 2058 extat
1022 2010 1062 2052 555

54 2099 106 2148 550
124 2107 181 2149 neo
202 2105 293 2166 porro
315 2104 453 2146 vacuum:
477 2092 546 2146 sunt
569 2103 639 2164 ergo
663 2104 786 2164 corpora
810 2093 902 2167 certa,

126 2195 201 2256 quae
225 2177 352 2254 spatium
374 2174 462 2254 pleno
485 2176 601 2252 possint
624 2173 805 2250 distinguere
828 2175 923 2234 inane.

123 2266 197 2326 haec
219 2281 317 2342 neque
340 2262 464 2323 dissolui
485 2260 579 2340 plagis
603 2264 787 2322 extrinsecus
810 2263 867 2320 icta

125 2359 251 2433 possunt
272 2370 328 2411 neo
350 2369 440 2431 porro
462 2352 581 2429 penitus
603 2355 756 2429 penetrata
779 2350 874 2409 retexi

53 2453 109 2504 530
125 2461 181 2503 nec
203 2443 317 2501 ratione
341 2446 453 2517 queunt
475 2437 531 2498 alia
553 2444 694 2516 temptata
716 2437 823 2497 labare.
1021 2451 1062 2490 555

54 2540 105 2590 555
125 2548 194 2591 nam
216 2546 312 2607 neque
336 2527 446 2588 conlidi
468 2529 533 2586 sine
555 2528 638 2586 inani
659 2543 746 2604 posse
769 2525 885 2584 ridetur
1023 2539 1062 2578 555

126 2621 283 2698 quicquam
306 2634 362 2676 nec
384 2616 479 2693 frangi
501 2633 557 2674 nec
579 2614 652 2673 lindi
674 2616 706 2673 in
728 2613 797 2674 bina
821 2611 946 2672 secando

124 2726 181 2767 neo
204 2723 310 2784 capere
333 2722 467 2765 umorem
490 2721 586 2781 neque
608 2705 680 2763 item
703 2700 848 2762 manabile
871 2701 964 2778 frigus

54 2803 109 2855 535
123 2813 180 2857 nec
201 2793 384 2873 penetralem
407 2795 519 2872 ignem,
542 2791 650 2870 quibus
674 2793 771 2850 omnia
794 2790 1001 2870 conficiuntur3
1022 2801 1062 2843 555

125 2892 155 2944 et
178 2900 236 2961 quo
261 2899 394 2961 quaeque
416 2882 510 2958 magis
533 2879 652 2940 cohibet
674 2897 723 2940 res
746 2881 826 2939 intus
849 2880 951 2958 inane,

54 2981 107 3031 550
123 2980 185 3033 tam
208 2973 302 3049 magis
324 2970 371 3030 bis
394 2969 483 3029 rebus
506 2970 625 3047 penitus
649 2973 789 3046 temptata
812 2966 942 3027 labascit.

123 3055 133 3144 11
145 3060 177 3120 id
201 3058 280 3138 quod
302 3061 361 3118 iam
381 3075 488 3136 supera
505 3055 561 3116 tibi
578 3055 666 3134 paulo
685 3056 867 3116 ostendimus
887 3052 991 3134 551511
1021 3068 1061 3108 ⁵³1

33 3183 40 3202 ·
124 3166 195 3227 ergo
219 3150 246 3208 si
268 3146 361 3207 solida
380 3164 413 3206 ac
437 3147 501 3205 sine
524 3146 605 3204 inani
628 3162 752 3222 corpora
774 3146 869 3223 prima

124 3244 195 3299 sunt
216 3238 258 3296 ita
279 3237 324 3295 uti
348 3235 447 3314 docui,
471 3235 531 3293 sint
552 3233 626 3294 haec
641 3229 767 3293 'aeterna
790 3239 949 3293 necessest.

53 3335 108 3386 540
167 3325 324 3386 Praeterea
347 3325 406 3383 nisi
428 3323 567 3382 materies
591 3328 711 3381 aeterna
732 3322 849 3402 luisset,
1023 3332 1062 3373 ⁵4⁰

52 3422 104 3473 555
123 3413 248 3476 antehac
270 3413 307 3472 ad
329 3410 423 3472 nilum
444 3412 564 3490 penitus
587 3427 636 3470 res
661 3428 795 3490 quaeque
817 3409 979 3491 redissent,

123 3504 160 3565 de
183 3501 303 3581 niloque
326 3506 428 3562 renata
451 3501 548 3560 forent
571 3517 774 3581 quaecumque
797 3498 938 3560 videmus.
