2484 3800
562 158 589 211 H

138 305 356 384 fecundamque
379 306 478 365 minus
500 312 636 365 naturam
659 307 758 365 cernis
780 307 812 365 in
833 305 906 385 illis,

137 399 170 452 at
191 395 313 471 regione
337 393 461 472 locoque
483 391 542 453 alio
565 395 713 472 terrisque
736 395 857 455 remotis

53 487 114 537 535
137 480 230 541 multa
254 481 325 541 licet
346 499 456 559 genere
479 499 545 541 esse
568 483 600 541 in
623 499 659 541 eo
682 499 896 561 numerumque
919 481 1041 562 repleri3

138 571 217 630 sicut
240 569 455 648 quadripedum
478 588 545 629 cum
568 571 674 647 primis
697 587 762 630 esse
786 570 919 631 videmus

138 659 171 717 in
194 675 303 735 genere
327 659 520 735 anguimanus
544 656 729 737 elephantos,
751 656 833 718 India
857 677 982 737 quorum

137 745 259 806 milibus
282 764 299 806 e
321 745 423 806 multis
447 745 521 805 vallo
543 747 678 806 munitur
700 744 826 826 eburno,

138 840 173 893 ut
195 835 314 913 penitus
337 840 466 912 nequeat
487 835 651 912 penetrari:
674 840 754 894 tanta
778 835 906 893 serarum

55 930 118 980 540
139 924 184 981 vis
207 928 266 1002 est3
290 940 415 1000 quarum
437 940 491 981 nos
514 940 662 1000 perpauca
685 921 817 1001 exempla
840 922 981 982 videmus.

140 1010 192 1070 sed
214 1017 315 1070 tamen
337 1011 367 1070 id
392 1028 507 1089 quoque
531 1012 576 1070 uti
599 1010 771 1090 concedam,
796 1010 884 1089 quam
906 1008 988 1070 lubet
1010 1016 1073 1071 esto

137 1101 226 1159 unica
248 1116 297 1158 res
321 1098 464 1177 quaedam
486 1099 585 1158 nativo
608 1115 732 1175 corpore
755 1097 830 1177 sola,

138 1188 189 1247 eui
211 1187 317 1246 similis
339 1192 402 1247 toto
424 1193 572 1246 terrarum
593 1182 683 1246 nullo
705 1188 745 1245 sit
767 1184 845 1246 orbi:

137 1275 254 1335 infinita
276 1281 375 1335 tamen
397 1276 457 1334 nisi
479 1276 537 1334 erit
558 1276 603 1333 ris
626 1275 772 1354 materiai,

59 1370 117 1419 545
137 1363 217 1423 unde
241 1380 276 1422 ea
297 1364 434 1441 progigni
457 1363 553 1441 possit
575 1368 729 1441 concepta,
752 1363 848 1421 creari

137 1470 199 1511 non
220 1453 340 1532 poterit,
362 1468 468 1530 neque,
491 1450 569 1529 quod
588 1457 734 1529 superest,
756 1467 947 1529 procrescere
967 1449 1072 1529 alique.

138 1541 249 1618 quippe
273 1540 382 1599 etenim
406 1545 559 1599 sumantur
581 1540 626 1598 uti
648 1538 729 1598 linita
752 1557 806 1617 per
820 1554 915 1597 omne

137 1645 263 1707 corpora
286 1628 390 1687 iactari
412 1629 501 1687 unius
524 1626 662 1705 genitalia
685 1628 743 1707 rei,

137 1715 217 1775 unde
240 1714 293 1775 ubi
315 1733 372 1794 qua
394 1716 423 1774 vi
446 1721 477 1775 et
499 1732 557 1793 quo
580 1721 665 1793 pacto
689 1732 847 1793 congressa
869 1714 990 1775 coibunt

62 1811 118 1859 550
136 1805 279 1864 materiae
301 1809 383 1863 tanto
406 1805 438 1862 in
460 1802 563 1881 pelago
586 1802 730 1881 turbaque
754 1799 869 1863 aliena?

136 1911 212 1973 non,
234 1899 268 1952 ui
290 1893 408 1972 opinor,
430 1890 539 1952 hahent
561 1893 706 1952 rationem
729 1891 916 1953 conciliandi:

138 1981 192 2042 sed
216 1982 301 2058 quasi
323 1981 483 2058 naufragiis
506 1982 619 2058 magnis
642 1978 802 2058 multisque
826 1981 934 2040 coortis

138 2070 297 2130 disiectare
320 2068 396 2129 solet
418 2085 555 2146 magnum
577 2085 659 2128 mare
681 2073 810 2127 transtra
832 2067 963 2145 guberna

137 2165 292 2218 antemnas
314 2175 433 2235 proram
454 2155 547 2216 malos
570 2163 729 2234 tonsasque
751 2157 892 2235 natantis,

61 2252 118 2303 555
137 2264 194 2325 per
215 2251 363 2305 terrarum
386 2246 482 2304 omnis
505 2261 571 2304 oras
594 2243 739 2304 fluitantia
763 2242 892 2322 aplustra

138 2340 173 2394 ut
195 2333 351 2393 videantur
372 2338 403 2393 et
425 2332 567 2392 indicium
589 2330 763 2391 mortalibus
786 2330 886 2412 edant,

137 2421 224 2482 inlidi
246 2423 337 2481 maris
359 2420 482 2480 insidias
504 2422 635 2499 virisque
659 2418 816 2497 dolmnque

138 2517 174 2570 ut
195 2511 289 2570 vitare
311 2508 416 2590 velint,
438 2526 511 2568 uere
534 2507 595 2568 ullo
617 2514 751 2586 tempore
774 2506 908 2587 credant,

139 2597 262 2658 subdola
285 2615 353 2657 cum
375 2597 454 2657 ridet
475 2595 582 2674 placidi
604 2595 726 2675 pellacia
749 2597 845 2674 ponti,

61 2694 118 2743 560
140 2689 184 2746 sic
206 2684 262 2746 tibi
285 2687 312 2746 si
335 2686 417 2744 linita
439 2683 531 2744 semel
553 2683 715 2762 primordia
738 2683 880 2762 quaedam

139 2775 316 2854 constitues,
340 2790 440 2833 aevom
464 2771 613 2832 dehebrmt
636 2791 737 2851 sparsa
759 2789 814 2851 per
836 2789 953 2832 omnem

139 2863 297 2923 disiectare
320 2867 420 2921 aestus
443 2861 552 2921 diversi
575 2862 722 2940 materiai,

139 2967 301 3028 numquam
324 2951 355 3009 in
379 2948 536 3009 concilium
559 2954 593 3008 ut
614 2949 731 3026 possint
754 2947 902 3027 compulsa
926 2949 1006 3007 coire

137 3057 195 3100 nec
218 3039 362 3098 remorari
384 3039 415 3097 in
438 3036 562 3097 concilio
586 3055 642 3096 nec
665 3053 799 3096 crescere
823 3035 957 3116 adaucta,

64 3134 119 3183 565
140 3145 267 3206 quorum
290 3133 448 3204 utrumque
471 3123 567 3203 palam
589 3124 656 3183 lieri
678 3124 833 3183 manifesta
856 3124 942 3183 docet
964 3142 1026 3203 reS,

139 3222 169 3276 et
191 3233 242 3275 res
265 3215 401 3292 progigni
423 3220 453 3274 et
474 3214 588 3290 genitas
610 3229 801 3290 procrescere
823 3230 920 3290 posse.
992 3206 996 3216 '

139 3321 206 3364 esse
229 3304 321 3381 igitur
343 3319 450 3378 genere
473 3303 505 3360 in
528 3302 632 3379 quovis
655 3299 817 3378 primordia
840 3317 939 3359 rerum

138 3393 255 3452 infinita
276 3389 415 3470 palamst,
437 3388 516 3449 unde
540 3391 638 3449 omnia
661 3379 892 3466 suppeditantul.

184 3479 246 3541 Nec
270 3496 411 3558 superare
435 3485 547 3556 qucum
568 3484 666 3537 motus
689 3478 789 3555 itaque
812 3474 944 3535 exitiales
