2484 3800
422 163 703 222 Puonnuounur.
990 165 1070 220 XVII

53 307 152 392 1875,
186 310 385 371 demonstravi
417 329 484 374 ann.
516 312 615 391 philol.
649 333 677 392 p.
701 311 775 395 623,
806 321 836 374 ct
868 314 1068 374 demonstrari

52 399 192 477 exemplo
223 399 466 461 luculentissimo.
516 401 565 462 bic
600 403 732 480 primum
763 404 835 462 sciri
866 409 983 481 oportet
1008 401 1067 462 Lu-

53 490 183 549 cretium
205 489 246 548 ita
270 505 386 566 quoque
409 489 544 549 versibus
567 490 710 550 iterandis
730 490 878 572 delectari,
901 498 935 551 ut
953 509 990 550 er
1008 490 1066 550 alio

52 576 118 638 loco
139 578 277 655 repetitis
294 595 386 636 novos
405 577 552 657 adiungat,
570 576 650 639 velut
667 578 686 639 l.
705 579 718 638 l
735 578 871 639 versibus
891 573 1065 640 140-142

51 663 135 726 burte
166 662 264 744 iylbor
295 666 439 726 terrorem
471 663 572 727 ocimi
604 673 659 726 etc.
691 669 723 726 in
749 667 768 728 l.
790 667 818 726 ll
844 669 979 745 repetitis
1011 666 1066 727 bos

10 797 11 806 ,
52 755 233 832 praemittit:
251 769 326 814 nom
339 749 432 814 uoluti
442 751 537 832 puori
551 761 615 836 etc,
634 772 677 815 vr.
691 752 832 817 55-58.
865 755 961 816 simile
981 756 1066 833 quid-

53 843 122 902 dam
145 841 218 901 iacit
240 843 272 900 in
295 859 329 900 ea
352 844 569 920 comparatione
593 861 668 921 quae
692 850 737 904 est
757 845 905 904 variarum
924 845 1064 904 materiae

53 931 219 990 formarum
261 947 328 990 cum
363 929 483 1011 litteris,
525 949 612 1009 quam
649 934 914 1010 comparationem
935 933 1066 1010 primum

52 1017 179 1079 dimidio
207 1035 296 1078 versu
324 1017 433 1078 dixisse
462 1021 533 1079 satis
560 1017 650 1079 habet
675 1019 689 1078 l
717 1016 778 1079 191
785 1065 795 1100 ,
827 1018 933 1079 deinde
961 1019 1065 1097 ampli·

10 1179 11 1186 ἵ
54 1108 172 1167 licatam
202 1112 340 1184 quattuor
362 1106 498 1166 versibus
521 1106 593 1167 dicit
616 1103 800 1188 817-820,
826 1114 890 1167 tum
913 1108 949 1167 ad
972 1125 1065 1166 unum

10 1193 11 1200 ’
53 1194 225 1274 exemplum
249 1193 367 1254 adhibet
389 1213 432 1254 rr.
457 1191 646 1276 ooo-908,
673 1202 823 1273 postremo
850 1214 903 1255 sex
929 1194 1065 1255 versibus

53 1283 185 1361 explicat
217 1281 235 1341 l.
267 1281 294 1342 Π
322 1278 549 1344 1010-1015.
598 1283 653 1343 bos
684 1285 775 1362 igitur
806 1301 910 1344 versus
943 1290 972 1344 et
1004 1301 1064 1343 non

53 1391 148 1451 pauca
175 1370 300 1450 babere,
327 1373 359 1430 in
387 1370 495 1449 quibus
521 1373 586 1432 iure
614 1370 793 1453 offenderes,
821 1378 850 1432 et
876 1390 937 1432 non
964 1373 1064 1433 minus

54 1460 161 1541 multa,
189 1459 297 1537 quibus
325 1458 523 1520 declararetur
551 1478 567 1520 a
596 1460 676 1519 nullo
704 1462 764 1520 nisi
790 1479 807 1520 a
833 1459 971 1520 Lucretio
999 1463 1064 1539 ipso

10 1577 11 1594 ¹
53 1551 189 1628 potuisse
210 1545 309 1627 scribi,
332 1547 420 1608 docui
442 1547 459 1608 l
480 1567 504 1608 c.
540 1566 600 1608 non
619 1550 709 1627 igitur
732 1550 761 1608 ei
778 1549 894 1611 ferendi
912 1555 989 1630 sunt,
1013 1551 1066 1628 qui

54 1640 83 1698 in
107 1637 259 1696 levissima
283 1653 398 1713 quaque
419 1636 644 1718 offensiuncula,
667 1635 768 1715 quales
792 1655 878 1715 saepe
902 1655 938 1701 ex
961 1655 1065 1698 eorum

55 1727 105 1804 qui
133 1719 289 1784 offendunt
315 1741 417 1784 errore
444 1733 619 1806 nascuntur,
648 1743 708 1785 non
731 1724 865 1785 dubitant
888 1725 923 1785 ad
947 1725 1065 1786 obelum

54 1813 233 1891 confugere·

143 1899 200 1979 Est
221 1899 278 1961 boo
295 1899 415 1962 Lucreti
437 1903 599 1982 proprium,
621 1908 656 1961 ut
677 1908 706 1961 et
723 1900 859 1963 versibus
878 1909 907 1963 et
925 1921 1065 1964 versuum

53 1990 192 2071 partibus
224 1990 366 2050 iterandis
394 1996 423 2049 et
450 1990 596 2049 variandis
625 1996 654 2049 et
681 1989 754 2050 locis
781 1989 898 2069 longius
925 1993 1003 2051 inter
1032 2010 1064 2051 se

55 2098 144 2159 saepe
168 2078 346 2139 distantibus
368 2076 619 2155 vol‘singularum
641 2077 687 2138 vel
707 2077 837 2157 plurium
855 2096 961 2138 vocum
978 2097 1064 2158 repe-

53 2171 161 2229 titione
185 2169 269 2246 quasi
292 2182 381 2226 aureo
403 2165 520 2226 vinculo
543 2168 622 2227 inter
645 2184 677 2227 se
695 2166 821 2244 ligandis
839 2185 958 2227 carmen
977 2185 1064 2228 suum

54 2274 163 2317 ornare
193 2255 322 2334 studeat3
350 2254 380 2314 id
409 2254 487 2333 quod
515 2256 543 2314 ei
569 2256 678 2315 mirum
705 2257 737 2314 in
763 2254 883 2315 modum
911 2256 1063 2315 successit.

54 2343 160 2406 habuit
188 2349 285 2403 autem
312 2341 366 2402 bao
393 2343 425 2401 in
452 2348 514 2401 arte
538 2361 626 2420 quem
649 2349 823 2421 sequeretur
846 2349 1064 2422 eum-poetam,

55 2451 147 2512 quem
177 2448 270 2510 paene
301 2436 420 2509 praeter
452 2448 554 2490 omnes
581 2430 692 2512 laudat,
723 2430 943 2510 Empedoclem,
975 2448 1065 2508 quem
1155 2428 1160 2436 “
1234 2455 1235 2478 2

54 2520 194 2599 plurimis
221 2519 309 2580 rebus
332 2518 506 2579 imitandum
530 2517 587 2578 sibi
609 2526 811 2598 proposuerat.
856 2536 944 2597 quam
966 2519 1063 2578 imita-

10 2662 11 2673 ,
55 2610 170 2667 tionem
192 2609 224 2667 in
241 2607 467 2685 repetitionibus
487 2625 603 2686 quoque
622 2610 705 2668 cerni
723 2626 791 2667 eum
809 2609 923 2685 primus
940 2607 1065 2668 vidisset

55 2695 199 2756 Aemilius
218 2694 336 2775 Hallier,
359 2696 410 2773 qui
433 2695 552 2756 Lucreti
575 2698 705 2756 carmina
728 2714 744 2755 c
767 2695 938 2773 fragmentis
956 2695 1064 2775 Empe-

56 2784 151 2844 doclis
174 2782 357 2843 adumbravit
379 2784 449 2843 diss.
471 2784 585 2844 lenens.
609 2802 634 2844 a.
659 2781 743 2846 1857
768 2786 886 2865 scripta,
909 2784 1063 2845 oblocutus

57 2874 85 2931 ei
108 2878 155 2931 est
173 2871 326 2931 Gneissius
345 2870 363 2930 l.
383 2890 407 2931 o.
425 2890 453 2949 p.
473 2869 493 2931 9
513 2890 585 2952 sqq,
609 2874 652 2931 eis
675 2879 773 2932 tamen
798 2873 940 2952 exemplis
959 2872 1063 2953 allatis,

56 2978 92 3019 ex
122 2960 231 3039 quibus
259 2977 326 3019 eum
354 2977 414 3019 non
440 2966 521 3020 recte
549 2959 718 3021 oblocutum
745 2969 890 3039 appareat.
935 2980 1003 3021 nam
1030 2967 1064 3021 ut

55 3066 160 3108 rerum
193 3051 243 3128 sit,
276 3046 354 3126 quod
381 3054 469 3125 negat
496 3048 572 3126 apud
599 3049 828 3127 Acragantinum
854 3052 1063 3128 repetitionum

56 3154 145 3196 usum
167 3142 228 3195 tam
250 3134 306 3195 late
329 3143 430 3213 patere
455 3154 542 3214 quam
565 3137 642 3216 apud
664 3136 836 3217 Romanum,
860 3140 926 3215 quis
947 3140 1064 3215 ignorat

56 3242 176 3303 semper
197 3224 260 3284 lere
284 3222 379 3285 solere
403 3242 463 3305 eos,
487 3227 539 3303 qui
561 3225 689 3302 aliquem
711 3227 872 3304 imitantur,
894 3224 1011 3302 longius
1030 3227 1064 3284 in

57 3330 91 3372 ea
118 3331 166 3392 re,
195 3330 282 3390 quam
308 3315 496 3391 potissimum
518 3314 683 3392 imitantur,
712 3312 853 3390 progredi
875 3330 962 3389 quam
986 3330 1064 3391 eum,

57 3418 73 3459 a
96 3418 156 3478 quo
179 3399 347 3479 exemplum
369 3400 427 3461 sibi
450 3396 662 3479 sumpserunt?

146 3487 222 3548 Sunt
247 3505 317 3547 vero
341 3506 415 3565 quae
439 3490 470 3548 in
492 3506 631 3549 versuum
654 3488 859 3549 iterationibus
882 3504 936 3547 nos
959 3485 1065 3546 leviter

108 3596 250 3637 Lucanorun.
264 3596 298 3637 ed.
312 3596 438 3647 Brieger.
831 3585 849 3638 b
