2484 3800
143 147 186 213 58
629 143 656 196 Π

143 308 199 361 966
212 311 273 354 non
296 293 362 353 fieri
384 298 501 370 partum
524 293 583 351 nisi
606 289 731 351 ennodio
755 294 822 349 ante
845 292 960 366 coacto,

214 399 270 441 neo
294 382 451 459 quicquam
473 380 649 439 commutari
671 380 735 438 sine
758 374 924 436 conciliatu.
1104 377 1154 421 ⁹⁸⁵

215 462 225 551 ll
238 470 385 547 principio
408 474 559 546 nequeunt
581 466 671 527 ullius
694 466 826 543 corporis
850 480 916 523 esse

146 572 198 623 eso
218 574 323 616 seusus
346 562 413 616 ante
435 557 530 635 ipsam
554 556 682 633 genitam
703 560 838 613 naturam
861 550 1032 628 animantis,

216 646 371 724 nimirum,
394 645 463 721 quia
485 644 623 703 materies
646 642 769 702 disiecta
789 645 910 700 tenetur

147 747 201 799 949
215 736 283 792 aere
306 730 477 791 fluminibus
496 732 588 798 terris
611 737 749 807 terraque
772 728 893 807 creatis,
1111 730 1157 772 ⁹4⁰

217 837 273 880 neo
296 837 453 897 congressa
475 817 562 877 modo
585 817 666 879 vitali
689 818 896 877 convenientes

218 906 343 967 contulit
364 909 443 967 inter
465 924 498 965 se
520 912 631 986 motus,
656 904 764 984 quihus
788 904 988 963 omnituentes

150 1011 201 1061 940
219 997 337 1056 accensi
360 1012 466 1054 sensns
489 995 668 1053 animantem
691 1009 837 1072 quamque
859 982 1020 1067 tumturn

263 1082 419 1142 Praeterea
442 1083 574 1160 quamvis
596 1082 775 1141 animantem
799 1078 938 1159 grandior
961 1078 1039 1136 ictus

149 1185 204 1237 946
221 1187 309 1248 quam
330 1171 442 1248 patitur
463 1176 581 1249 natura,
603 1176 725 1247 repente
749 1166 862 1245 adfligit
884 1171 915 1226 et
937 1165 1036 1223 omnis
1118 1171 1160 1213 9⁴⁵

221 1260 355 1337 corporis
378 1263 466 1335 atque
489 1259 580 1317 animi
602 1258 700 1335 pergit
722 1254 902 1315 confundere
925 1268 1042 1313 sensus.

222 1345 426 1405 dissoluuntur
448 1346 528 1405 enim
551 1346 700 1423 positurae
722 1344 950 1422 principiorum,

152 1449 203 1497 946
222 1440 253 1491 et
274 1434 393 1511 penitus
414 1439 512 1492 motus
534 1431 637 1492 vitales
660 1431 864 1511 inpediuntur,

224 1520 317 1581 donec
339 1522 491 1601 materies,
514 1522 610 1580 omnis
634 1536 776 1579 concussa
799 1536 853 1597 per
876 1524 972 1597 artus,

152 1622 207 1673 950
224 1606 322 1667 vitalis
344 1609 458 1667 animae
480 1608 574 1668 nodos
596 1626 613 1667 a
636 1624 758 1685 corporo
781 1605 869 1666 solvit
1124 1612 1163 1654 ⁹⁶⁰

224 1694 445 1773 dispersamque
468 1694 546 1755 loras
568 1713 623 1773 per
646 1694 743 1755 caulas
767 1695 855 1754 eiecit
878 1694 990 1752 omnis:

223 1799 292 1841 nam
314 1781 385 1859 quid
407 1789 559 1860 praeterea
581 1783 679 1843 iacere
701 1785 793 1842 ictum
815 1797 903 1859 posse
927 1797 1050 1840 reamur

155 1881 206 1933 950
226 1868 367 1949 oblatum,
389 1870 448 1929 nisi
471 1869 620 1931 discutere
644 1887 677 1931 ac
699 1868 861 1931 dissolvere
884 1863 1045 1947 quaeque?

225 1959 259 2017 lit
281 1975 398 2035 quoque
420 1959 466 2017 uti
488 1957 601 2018 soleant
622 1961 722 2019 minus
745 1956 841 2018 oblato
865 1959 974 2017 acriter
996 1958 1062 2016 ictu

155 2058 210 2110 955
225 2044 330 2107 relicui
351 2050 449 2104 motus
471 2045 567 2105 vitalis
589 2048 707 2106 vincere
731 2063 831 2125 saepe,
1127 2054 1167 2097 ⁹⁵⁶

225 2134 344 2192 vincere
368 2138 398 2192 et
419 2135 548 2210 ingentis
570 2132 672 2212 plagae
696 2133 798 2193 sedare
822 2131 968 2193 tumultus

227 2223 317 2299 inque
340 2238 410 2280 suos
433 2220 573 2298 quioquid
596 2239 701 2280 rursus
723 2238 862 2281 revocare
885 2226 1001 2281 meatus

158 2322 209 2371 966
227 2315 258 2369 ct
280 2309 364 2386 quasi
385 2309 445 2367 iam
467 2307 519 2366 leti
540 2307 739 2368 dominantem
761 2310 792 2367 in
816 2325 941 2387 corpore
963 2314 1082 2368 motum

228 2396 376 2456 discutere
398 2414 432 2455 ac
454 2412 548 2473 paene
570 2397 695 2455 amissos
718 2395 879 2456 accendere
903 2413 1026 2456 sensus:

157 2496 212 2547 960
228 2501 296 2542 nam
320 2501 377 2561 qua
398 2500 431 2542 re
453 2484 552 2560 potius
574 2482 627 2542 leti
649 2484 707 2542 iam
729 2482 831 2543 limine
855 2483 979 2562 abipso
1127 2497 1166 2538 ⁹⁶0

229 2568 264 2629 ad
287 2571 376 2629 vitam
397 2571 513 2648 possint
534 2569 665 2630 conlecta
687 2577 785 2630 mente
808 2572 931 2651 reverti,

230 2674 317 2734 quam
341 2674 398 2734 quo
421 2657 578 2717 decursum
599 2675 692 2735 prope
714 2659 772 2717 iam
796 2660 853 2718 siet
875 2661 919 2718 ire
944 2665 976 2719 et
999 2656 1105 2720 abire?

161 2757 212 2806 966
230 2749 397 2824 praeterea,
419 2745 558 2822 quoniam
581 2743 665 2806 dolor
688 2751 746 2825 est,
768 2745 821 2805 ubi
843 2748 981 2806 materiai

230 2848 353 2908 corpora
375 2833 405 2890 vi
427 2831 551 2910 quadam
572 2850 627 2909 per
648 2833 761 2892 viscera
783 2835 847 2893 viva
870 2852 925 2912 per
948 2840 1033 2894 artus

160 2929 216 2980 965
230 2916 383 2977 sollicitata
406 2920 468 2978 suis
490 2919 640 2997 trepidant
661 2921 692 2978 in
715 2918 835 2980 sedibus
859 2924 954 3001 intus,
1127 2937 1165 2980 aaa

231 3005 321 3082 inque
343 3004 441 3065 locum
464 3006 578 3084 quando
601 3009 775 3088 remigrant,
798 3010 831 3068 fit
853 3008 961 3070 blanda
984 3009 1134 3095 voluptas,

232 3093 309 3151 scire
332 3091 402 3152 licet
422 3093 503 3153 nullo
525 3096 685 3173 primordia
708 3114 796 3174 posse
819 3097 921 3158 dolore

163 3194 214 3247 nos
232 3182 370 3257 temptari
392 3180 559 3259 nullamque
582 3183 759 3263 voluptatem
782 3202 889 3264 capere
913 3205 950 3247 ex
974 3206 1022 3269 se,

233 3266 469 3345 quandoquidem
491 3287 549 3330 non
573 3278 643 3332 sunt
665 3291 701 3332 ex
723 3272 791 3333 ullis
815 3276 1036 3355 principiorum

164 3370 220 3422 970
233 3354 420 3434 corporibus,
442 3374 568 3434 quorum
589 3367 687 3420 motus
710 3363 838 3422 novitate
861 3362 1000 3426 laborent
1131 3383 1170 3424 sao

234 3443 434 3522 autaliquem
456 3443 583 3504 fructum
606 3450 723 3526 capiant
746 3448 913 3511 dulcedinis
936 3453 1041 3516 almae.
