2484 3800
551 165 591 219 111

134 322 189 374 aut
210 311 318 373 nebula
340 319 391 372 aut
412 312 524 391 lumus3
546 329 615 372 nam
638 311 723 390 longe
746 311 907 373 mobilitate

133 407 269 481 praestat
291 407 322 460 et
343 418 360 459 a
381 401 466 461 tenui
489 417 576 459 causa
597 402 691 478 magis
714 402 771 461 icta
793 407 939 480 moretum

53 506 114 555 444
137 492 248 569 quippe
271 487 325 548 ubi
346 486 524 566 imaginibus
546 488 619 547 lumi
642 487 824 567 nebulaeque
847 495 994 551 moretur:

137 577 219 656 quod
241 594 349 656 genus,
370 578 403 636 in
424 578 538 636 somnis
561 577 651 653 sopiti
674 574 726 635 ubi
748 578 897 637 cernimus
920 576 976 637 alte

137 664 276 726 exhalare
298 681 436 743 vaporem
458 663 561 724 altaria
583 664 720 742 ferreque
744 663 871 724 fumum:

137 771 208 813 nam
229 750 335 831 procul
356 752 426 811 bino
450 751 539 812 dubio
560 749 648 812 nobis
671 750 827 812 simulacra
849 758 993 829 geruntur
1011 784 1053 794 -

138 859 219 901 nune
241 842 333 918 igitur
355 841 494 918 quoniam
516 842 662 917 quassatis
684 840 815 918 undique
837 841 915 899 vasis

57 945 118 995 434
139 929 276 989 diffluere
298 945 432 988 umorem
455 935 486 988 et
507 926 624 987 laticem
647 926 800 988 discedere
823 929 934 1007 cernis,

138 1023 170 1077 et
191 1015 299 1077 nebula
321 1034 356 1076 ao
378 1016 477 1076 fumus
499 1017 639 1093 quoniam
661 1015 787 1075 discedit
808 1016 840 1074 in
862 1033 961 1096 auras,

138 1104 228 1166 crede
251 1105 378 1165 animam
401 1121 519 1182 quoquc
542 1102 667 1163 diffundi
688 1102 839 1181 multoque
862 1105 961 1181 perire

138 1195 223 1253 ocius
246 1199 277 1251 44
299 1194 386 1252 citius
409 1190 531 1251 dissolvi
552 1193 585 1251 in
607 1209 730 1269 corpora
754 1193 862 1271 prima,

137 1300 207 1341 cum
230 1278 325 1340 semel
347 1298 382 1339 ex
405 1279 533 1339 bominis
556 1278 697 1339 membris
720 1278 814 1338 ablata
836 1280 972 1340 recessit:

60 1384 119 1434 440
138 1371 250 1449 quippe
277 1368 388 1428 etenim
411 1384 532 1446 corpus,
558 1366 637 1445 quod
659 1384 710 1427 vas
733 1368 817 1445 quasi
839 1368 972 1427 constitit
995 1367 1070 1447 eius,

137 1474 228 1535 quam
251 1455 390 1517 cohibere
413 1457 517 1533 nequit
539 1461 767 1533 conquassatum
790 1472 826 1515 ex
848 1454 945 1533 aliqua
967 1473 1001 1515 re

137 1563 173 1605 ac
195 1544 373 1604 rarefactum
396 1542 527 1604 detracto
550 1544 693 1620 sanguine
715 1545 811 1623 venis,

136 1637 208 1693 aere
231 1633 284 1710 qui
306 1631 410 1693 credas
431 1648 520 1710 posse
542 1630 618 1690 banc
640 1629 807 1691 cohiberier
827 1626 911 1691 ullo?

135 1715 146 1803 ll
563 1737 581 1775 *

137 1824 264 1886 corpore
287 1808 338 1885 qui
360 1812 463 1866 nostro
485 1824 570 1865 rarus
592 1823 676 1883 mage
699 1808 751 1886 sit,
774 1802 983 1887 lohibessitlfl

63 1913 117 1963 444
181 1895 339 1956 Ρ44444444
362 1895 443 1973 gigni
464 1895 577 1973 pariter
599 1912 667 1954 cum
690 1913 812 1973 corpore
836 1902 946 1956 etune

138 2002 276 2045 crescere
299 1985 443 2043 sentimus
465 1984 635 2061 pariterque
659 1999 814 2043 senescere
837 1989 974 2043 mentem.

136 2090 207 2133 nam
230 2070 311 2132 velut
332 2071 450 2130 infirmo
472 2071 558 2149 pueri
580 2077 742 2148 teneroque
764 2077 906 2148 vagantur

137 2177 278 2238 corpore,
300 2160 345 2218 sic
366 2160 458 2219 animi
480 2159 615 2236 sequitur
638 2159 784 2218 sententia
805 2159 913 2218 tenvis:

137 2247 207 2308 inde
231 2246 284 2308 ubi
305 2244 436 2307 robustis
459 2244 586 2305 adolevit
606 2245 719 2306 viribus
742 2252 834 2325 aetas,

64 2351 117 2402 444
137 2335 297 2397 consilium
320 2351 438 2412 quoque
460 2335 555 2393 maius
578 2339 608 2393 et
630 2335 744 2392 auctior
765 2340 811 2393 est
832 2334 924 2393 animi
945 2334 1002 2392 ris:

134 2431 206 2503 post
228 2422 280 2483 ubi
303 2423 362 2482 iam
384 2420 490 2482 validis
513 2426 711 2499 quassatumst
731 2420 844 2481 viribus
867 2422 930 2480 ceri

135 2529 248 2590 corpus
271 2518 302 2572 44
323 2508 439 2570 obtusis
461 2509 634 2568 ceciderunt
655 2506 767 2569 viribus
790 2515 884 2588 artus,

135 2598 283 2660 claudicat
304 2599 471 2678 ingenium,
494 2596 598 2656 delirat
620 2595 732 2677 lingua,
754 2592 778 2676 †
800 2614 897 2677 mens,

135 2688 238 2747 omnia
262 2686 403 2747 deficiunt
426 2692 513 2763 atque
536 2702 596 2744 uno
617 2690 751 2763 tempore
775 2684 889 2745 desunt.

64 2792 116 2841 444
135 2793 209 2854 ergo
233 2774 359 2835 dissolui
379 2791 497 2852 quoque
520 2773 657 2832 convenit
678 2790 796 2833 omnem
819 2773 926 2834 animai

133 2870 287 2942 naturam,
310 2879 366 2923 ceu
388 2862 501 2940 mmus,
522 2862 554 2920 in
576 2859 649 2920 altas
672 2863 750 2921 aeris
773 2879 873 2940 auras3

95 2980 99 2984 “
135 2949 377 3030 quandoquidem
399 2950 481 3027 gigni
502 2949 614 3027 pariter
636 2950 805 3028 pariterque
827 2948 960 3009 videmus

134 3056 273 3100 crescere
297 3046 340 3118 et,
363 3039 400 3098 ut
420 3036 521 3115 docui,
542 3035 631 3096 simul
654 3053 724 3096 aevo
747 3038 825 3098 iessa
847 3037 951 3097 fatisci.

179 3125 246 3187 Huc
268 3125 383 3187 aceedit
404 3126 450 3185 uti
472 3123 635 3203 videamus,
658 3141 765 3203 corpus
788 3131 822 3186 ut
844 3127 942 3203 ipsum

64 3230 116 3281 444
134 3217 289 3293 suscipere
312 3213 441 3274 inmanis
462 3210 582 3272 morbos
604 3211 771 3291 durumque
793 3211 938 3290 dolorem,

135 3304 179 3362 sic
203 3304 336 3364 animum
359 3317 445 3362 curas
468 3302 545 3361 acris
568 3299 739 3378 luctumque
761 3307 945 3379 metumque;

135 3408 227 3469 quare
251 3391 427 3469 participem
449 3387 501 3450 leti
524 3405 641 3466 quoque
665 3390 802 3448 convenit
824 3405 902 3448 esse:

133 3472 230 3562 [lquin
254 3480 344 3538 etiam
366 3475 478 3536 morbis
501 3477 532 3536 in
554 3477 688 3554 corporis
711 3479 793 3537 avius
816 3481 895 3536 errat
