2484 3800
161 156 225 221 120
646 152 685 205 IV

230 309 261 363 et
282 302 462 380 dispargitur
484 300 520 360 ad
542 302 635 379 partis
659 303 700 361 ita
722 318 853 379 quasque
876 302 1007 360 minutas
1127 319 1166 359 555

231 392 371 468 corporis.
408 388 455 449 his
478 391 569 468 igitur
592 387 681 449 rebus
703 389 737 448 lit
759 392 908 467 utrimque
932 388 1058 468 duabus,

231 496 324 555 deque
345 474 381 539 td
402 484 434 537 ut
457 496 491 537 ac
513 479 595 537 navis
617 476 691 536 velis
713 483 858 556 ventoque
882 476 1002 537 1555555.

161 584 211 633 555
229 585 285 626 555
306 572 406 626 tamen
429 564 501 625 illud
524 567 556 625 in
578 565 625 624 his
648 564 738 626 rebus
760 565 894 626 mirabile
918 571 1045 645 constat,

160 671 216 722 896
229 654 340 715 tantula
363 653 440 733 quod
462 660 577 714 tantum
599 670 707 732 corpus
731 652 905 732 corpuscula
926 659 1052 731 possunt

231 750 426 822 contorquere
450 749 479 802 et
502 760 576 802 onus
598 748 693 802 totum
716 749 886 802 convertere
909 749 1058 801 nostrum:
1126 762 1167 801 eoo

231 834 340 911 quippe
363 832 473 892 etenim
494 837 600 890 ventus
624 829 726 890 subtili
748 848 872 909 corpore
894 831 991 889 tenvis

230 920 323 980 trudit
346 936 435 997 agens
457 937 592 997 magnam
614 936 719 997 magno
742 918 893 978 molimine
915 935 1032 998 navem,

162 1024 211 1073 855
231 1016 261 1069 55
283 1025 387 1067 manus
409 1025 468 1066 una
491 1009 567 1085 regit
590 1008 743 1085 quantovis
766 1008 874 1086 impete
898 1012 1018 1066 euntem

160 1104 318 1175 901atque
341 1094 551 1173 gubernaclum
574 1101 749 1173 contorquet
771 1094 903 1174 quolibet
924 1112 1030 1173 unum,

230 1183 389 1263 multaque,
410 1201 465 1262 per
486 1182 611 1243 trocleas
634 1189 664 1243 et
686 1190 831 1263 tympana,
853 1182 984 1261 pondere
1005 1198 1111 1259 magno
1126 1199 1166 1241 555

232 1278 395 1333 commovet
417 1277 504 1350 atque
526 1270 584 1331 levi
607 1270 735 1331 sustollit
756 1271 890 1331 machina
913 1272 989 1330 nisu.

160 1377 217 1428 855
277 1360 351 1421 lllud
374 1361 445 1419 item
467 1377 527 1419 non
550 1366 596 1420 est
617 1359 797 1438 mirandum,
820 1361 952 1438 corporis
976 1360 1040 1437 ipsa
1126 1376 1165 1417 555

162 1464 213 1515 550
233 1449 311 1528 quod
333 1456 438 1508 natura
460 1446 560 1509 cibum
582 1449 697 1525 quaerit
720 1450 862 1525 cuiusque
885 1448 1052 1507 animantis.

232 1539 340 1615 quippe
364 1538 473 1597 etenim
496 1536 588 1596 fluere
611 1542 699 1614 atque
722 1535 862 1595 recedere
881 1552 1005 1613 corpora
1024 1532 1113 1595 rebus
1126 1556 1165 1595 seo

232 1624 324 1685 multa
345 1624 441 1683 modis
463 1622 564 1684 multis
587 1624 687 1704 docui,
711 1623 763 1683 sed
785 1622 912 1702 plurima
935 1621 1045 1682 debent

233 1731 269 1772 ex
292 1710 470 1791 animalibu'3
493 1729 571 1789 quoe
593 1714 662 1790 quia
684 1718 753 1771 sunt
775 1713 904 1771 exercita
925 1717 1021 1791 motu,

162 1817 220 1867 860
233 1799 324 1861 multa
347 1818 401 1878 per
424 1817 456 1859 55
480 1799 665 1880 exhalantur,
687 1818 755 1860 cum
777 1799 913 1877 languida
936 1798 1088 1880 anhelant,
1127 1821 1166 1860 555

163 1906 214 1954 855
232 1887 382 1967 multaque
405 1906 459 1966 per
482 1888 619 1949 sudorem
643 1907 679 1948 ex
702 1887 759 1948 alto
781 1907 885 1967 pressa
906 1887 1052 1948 feruntur.
1127 1911 1165 1950 555

233 1978 279 2037 his
302 1979 393 2055 igitur
415 1975 503 2036 rebus
527 1979 652 2037 rarescit
674 1995 781 2055 corpus
807 1984 837 2036 et
859 1978 955 2036 omnis
1128 1997 1165 2038 555

234 2065 389 2126 subruitur
410 2071 526 2144 natura;
550 2064 634 2125 dolor
656 2083 743 2142 quam
767 2067 959 2142 consequitur
981 2082 1055 2124 rem.

233 2160 390 2233 propterea
410 2155 527 2232 capitur
549 2153 647 2232 cibus,
669 2159 703 2212 ut
725 2151 872 2212 suffulciat
894 2158 977 2212 artus

162 2249 264 2310 55555
287 2249 403 2303 5555555
424 2244 502 2301 vires
525 2242 703 2320 interdatuS,
726 2247 812 2318 atque
834 2247 984 2319 patentem

163 2346 214 2396 880
232 2349 287 2410 per
309 2328 441 2389 membra
463 2347 496 2389 ac
518 2347 607 2388 venas
630 2335 664 2388 ut
686 2346 816 2389 amorem
838 2335 958 2407 opturet
979 2328 1096 2409 55155511.Ι

233 2436 319 2480 umor
341 2421 413 2479 item
436 2416 561 2477 discedit
583 2418 614 2476 in
637 2418 736 2476 omnia
759 2435 833 2495 quae
855 2416 920 2477 loca
943 2435 1070 2495 cumque
1130 2439 1170 2480 555

232 2513 359 2586 poscunt
380 2523 527 2584 umorem;
550 2504 767 2583 glomerataque
790 2503 881 2564 multa
902 2507 1020 2583 vaporis

234 2612 371 2674 corpora,
394 2611 468 2672 quae
492 2593 641 2653 stomacho
663 2591 806 2671 praebent
827 2592 965 2652 incendia
987 2601 1104 2674 nostro,

163 2698 218 2749 870
233 2682 367 2761 dissupat
389 2681 546 2742 adveniens
568 2681 666 2759 liquor
688 2699 722 2740 ac
744 2683 901 2758 restinguit
922 2688 957 2740 ut
978 2682 1092 2762 ignem,

163 2786 215 2836 555
232 2788 321 2830 urere
344 2788 382 2830 ne
404 2771 498 2848 possit
521 2767 599 2828 calor
622 2767 747 2847 amplius
770 2769 870 2829 aridus
893 2775 984 2829 artus.

234 2861 277 2919 sic
300 2859 391 2936 igitur
413 2857 468 2917 tibi
490 2855 593 2917 anhela
616 2859 681 2917 sitis
705 2856 741 2916 de
765 2874 887 2935 corpore
910 2863 1013 2917 nostro
1130 2880 1172 2921 555

234 2945 376 3027 abluitur,
399 2947 442 3006 sic
466 2944 600 3024 expletur
622 2946 720 3005 ieiuna
743 2945 858 3024 cupido.

278 3034 363 3094 Nunc
382 3033 489 3112 quibus
507 3031 556 3092 ille
575 3033 671 3092 modis
689 3050 809 3093 somnus
822 3051 877 3112 per
891 3032 1024 3093 membra
1038 3036 1171 3112 quietem

162 3137 218 3191 905
235 3124 343 3200 inriget
366 3129 452 3200 atque
475 3123 566 3182 animi
588 3139 674 3182 curas
698 3140 714 3180 5
736 3128 857 3200 pectore
879 3121 985 3202 solvat,

164 3228 215 3277 890
235 3209 392 3271 suavidicis
415 3213 513 3287 potius
538 3228 625 3288 quam
648 3209 748 3270 multis
770 3208 905 3270 versibus
928 3209 1028 3290 edam3

233 3314 340 3378 parvus
363 3304 396 3356 ut
419 3305 464 3357 est
486 3300 570 3376 cycni
590 3298 696 3359 melior
713 3316 812 3378 canor,
833 3297 883 3358 ille
902 3316 1009 3377 gruum
1028 3317 1119 3378 quam
1132 3322 1173 3362 oro

234 3385 344 3446 clamor
362 3387 394 3443 in
418 3384 555 3445 aetheriis
578 3386 731 3466 dispersus
753 3386 882 3448 nubibus
907 3389 1012 3448 austri.

233 3482 266 3536 tu
288 3471 362 3533 mihi
385 3471 421 3531 da
444 3474 542 3533 tenuis
565 3492 651 3536 aures
674 3479 863 3555 animumque
886 3493 1035 3557 sagacem,
