<?xml version="1.0" encoding="UTF-8"?>
<!DOCTYPE html PUBLIC "-//W3C//DTD XHTML 1.0 Transitional//EN"
    "http://www.w3.org/TR/xhtml1/DTD/xhtml1-transitional.dtd">
<html xmlns="http://www.w3.org/1999/xhtml" xml:lang="en" lang="en">
 <head>
  <title>
</title>
<meta http-equiv="Content-Type" content="text/html;charset=utf-8" />
  <meta name='ocr-system' content='tesseract 3.04.00' />
  <meta name='ocr-capabilities' content='ocr_page ocr_carea ocr_par ocr_line ocrx_word'/>
</head>
<body>
  <div class='ocr_page' id='page_1' title='image "./dererumnaturali00briegoog_0034.png"; bbox 0 0 2484 3800; ppageno 0'>
   <div class='ocr_carea' id='block_1_1' title="bbox 166 170 813 229">
    <p class='ocr_par' dir='ltr' id='par_1_1' title="bbox 166 170 813 229">
     <span class='ocr_line' id='line_1_1' title="bbox 166 170 813 229; baseline 0.002 -1"><span class='ocrx_word' id='word_1_1' title='bbox 166 173 283 228; x_wconf 85' lang='lat' dir='ltr'><strong>XXVIII</strong></span> <span class='ocrx_word' id='word_1_2' title='bbox 529 170 813 229; x_wconf 79' lang='lat' dir='ltr'>PROLEGOMENA.</span> 
     </span>
    </p>
   </div>
   <div class='ocr_carea' id='block_1_2' title="bbox 168 319 1225 3572">
    <p class='ocr_par' dir='ltr' id='par_1_2' title="bbox 168 319 1225 3572">
     <span class='ocr_line' id='line_1_2' title="bbox 168 319 1183 400; baseline -0.002 -18"><span class='ocrx_word' id='word_1_3' title='bbox 168 321 242 382; x_wconf 90' lang='lat' dir='ltr'>mibi</span> <span class='ocrx_word' id='word_1_4' title='bbox 267 319 457 381; x_wconf 90' lang='lat' dir='ltr'>iudicandum</span> <span class='ocrx_word' id='word_1_5' title='bbox 483 319 600 381; x_wconf 87' lang='lat' dir='ltr'>videtur</span> <span class='ocrx_word' id='word_1_6' title='bbox 628 319 665 380; x_wconf 92' lang='lat' dir='ltr'>de</span> <span class='ocrx_word' id='word_1_7' title='bbox 691 323 792 399; x_wconf 91' lang='lat' dir='ltr'>priore</span> <span class='ocrx_word' id='word_1_8' title='bbox 819 321 1087 400; x_wconf 76' lang='lat' dir='ltr'><strong>argumentatione,</strong></span> <span class='ocrx_word' id='word_1_9' title='bbox 1119 338 1183 399; x_wconf 86' lang='lat' dir='ltr'>qua</span> 
     </span>
     <span class='ocr_line' id='line_1_3' title="bbox 168 407 1182 488; baseline 0 -20"><span class='ocrx_word' id='word_1_10' title='bbox 168 407 296 468; x_wconf 84' lang='lat' dir='ltr'>Helenae</span> <span class='ocrx_word' id='word_1_11' title='bbox 319 415 436 488; x_wconf 88' lang='lat' dir='ltr'>raptum</span> <span class='ocrx_word' id='word_1_12' title='bbox 458 408 627 487; x_wconf 87' lang='lat' dir='ltr'>bellumque</span> <span class='ocrx_word' id='word_1_13' title='bbox 646 408 806 470; x_wconf 87' lang='lat' dir='ltr'>Troianum</span> <span class='ocrx_word' id='word_1_14' title='bbox 828 426 887 468; x_wconf 93' lang='lat' dir='ltr'>non</span> <span class='ocrx_word' id='word_1_15' title='bbox 910 427 965 488; x_wconf 91' lang='lat' dir='ltr'>per</span> <span class='ocrx_word' id='word_1_16' title='bbox 988 426 1019 468; x_wconf 91' lang='lat' dir='ltr'>se</span> <span class='ocrx_word' id='word_1_17' title='bbox 1039 425 1105 468; x_wconf 90' lang='lat' dir='ltr'>esse</span> <span class='ocrx_word' id='word_1_18' title='bbox 1125 407 1182 468; x_wconf 87' lang='lat' dir='ltr'>de-</span> 
     </span>
     <span class='ocr_line' id='line_1_4' title="bbox 169 493 1183 577; baseline -0.001 -20"><span class='ocrx_word' id='word_1_19' title='bbox 169 501 363 577; x_wconf 87' lang='lat' dir='ltr'>monstratur,</span> <span class='ocrx_word' id='word_1_20' title='bbox 385 493 600 558; x_wconf 82' lang='lat'>1458-464.</span> <span class='ocrx_word' id='word_1_21' title='bbox 644 515 732 575; x_wconf 89' lang='lat' dir='ltr'>quam</span> <span class='ocrx_word' id='word_1_22' title='bbox 758 499 822 557; x_wconf 91' lang='lat' dir='ltr'>sine</span> <span class='ocrx_word' id='word_1_23' title='bbox 849 496 938 557; x_wconf 88' lang='lat' dir='ltr'>dubio</span> <span class='ocrx_word' id='word_1_24' title='bbox 962 495 1061 557; x_wconf 88' lang='lat' dir='ltr'>delere</span> <span class='ocrx_word' id='word_1_25' title='bbox 1083 495 1183 556; x_wconf 85' lang='lat' dir='ltr'>voluit</span> 
     </span>
     <span class='ocr_line' id='line_1_5' title="bbox 169 584 1182 666; baseline -0.002 -20"><span class='ocrx_word' id='word_1_26' title='bbox 169 592 272 666; x_wconf 83' lang='lat' dir='ltr'>poeta,</span> <span class='ocrx_word' id='word_1_27' title='bbox 298 592 456 664; x_wconf 87' lang='lat' dir='ltr'>postquam</span> <span class='ocrx_word' id='word_1_28' title='bbox 482 584 518 645; x_wconf 90' lang='lat' dir='ltr'>de</span> <span class='ocrx_word' id='word_1_29' title='bbox 549 586 651 645; x_wconf 88' lang='lat' dir='ltr'>eadem</span> <span class='ocrx_word' id='word_1_30' title='bbox 680 603 713 645; x_wconf 88' lang='lat' dir='ltr'>re</span> <span class='ocrx_word' id='word_1_31' title='bbox 742 591 771 646; x_wconf 89' lang='lat' dir='ltr'>et</span> <span class='ocrx_word' id='word_1_32' title='bbox 799 584 937 645; x_wconf 84' lang='lat' dir='ltr'>subtilins</span> <span class='ocrx_word' id='word_1_33' title='bbox 960 591 989 645; x_wconf 86' lang='lat' dir='ltr'>el</span> <span class='ocrx_word' id='word_1_34' title='bbox 1012 584 1182 663; x_wconf 88' lang='lat' dir='ltr'>elegantius</span> 
     </span>
     <span class='ocr_line' id='line_1_6' title="bbox 171 672 1181 751; baseline -0.002 -17"><span class='ocrx_word' id='word_1_35' title='bbox 171 673 245 734; x_wconf 81' lang='lat' dir='ltr'>dixit</span> <span class='ocrx_word' id='word_1_36' title='bbox 267 675 311 733; x_wconf 90' lang='lat' dir='ltr'>eis</span> <span class='ocrx_word' id='word_1_37' title='bbox 333 672 468 733; x_wconf 86' lang='lat' dir='ltr'>versibus</span> <span class='ocrx_word' id='word_1_38' title='bbox 493 674 544 751; x_wconf 93' lang='lat' dir='ltr'>qui</span> <span class='ocrx_word' id='word_1_39' title='bbox 567 679 740 751; x_wconf 86' lang='lat' dir='ltr'>sequnntur.</span> <span class='ocrx_word' id='word_1_40' title='bbox 785 691 853 733; x_wconf 91' lang='lat' dir='ltr'>nam</span> <span class='ocrx_word' id='word_1_41' title='bbox 876 680 909 733; x_wconf 89' lang='lat' dir='ltr'>ut</span> <span class='ocrx_word' id='word_1_42' title='bbox 930 679 1012 733; x_wconf 87' lang='lat' dir='ltr'>recte</span> <span class='ocrx_word' id='word_1_43' title='bbox 1035 672 1181 733; x_wconf 87' lang='lat' dir='ltr'>Stneren-</span> 
     </span>
     <span class='ocr_line' id='line_1_7' title="bbox 169 760 1180 841; baseline -0.001 -20"><span class='ocrx_word' id='word_1_44' title='bbox 169 760 302 841; x_wconf 89' lang='lat' dir='ltr'>burgins,</span> <span class='ocrx_word' id='word_1_45' title='bbox 325 761 361 821; x_wconf 92' lang='lat' dir='ltr'>de</span> <span class='ocrx_word' id='word_1_46' title='bbox 385 779 474 822; x_wconf 89' lang='lat' dir='ltr'>carm.</span> <span class='ocrx_word' id='word_1_47' title='bbox 496 761 613 822; x_wconf 90' lang='lat' dir='ltr'>Lucret.</span> <span class='ocrx_word' id='word_1_48' title='bbox 637 761 654 821; x_wconf 93' lang='lat' dir='ltr'>l.</span> <span class='ocrx_word' id='word_1_49' title='bbox 673 761 695 821; x_wconf 92' lang='grc' dir='ltr'>Ι.</span> <span class='ocrx_word' id='word_1_50' title='bbox 718 761 871 840; x_wconf 87' lang='lat' dir='ltr'>disputans</span> <span class='ocrx_word' id='word_1_51' title='bbox 894 763 926 821; x_wconf 91' lang='lat' dir='ltr'>in</span> <span class='ocrx_word' id='word_1_52' title='bbox 949 768 1004 821; x_wconf 87' lang='lat' dir='ltr'>act.</span> <span class='ocrx_word' id='word_1_53' title='bbox 1026 779 1085 821; x_wconf 93' lang='lat' dir='ltr'>soc.</span> <span class='ocrx_word' id='word_1_54' title='bbox 1103 760 1180 840; x_wconf 92' lang='lat' dir='ltr'>pbil.</span> 
     </span>
     <span class='ocr_line' id='line_1_8' title="bbox 169 846 1181 930; baseline -0.001 -21"><span class='ocrx_word' id='word_1_55' title='bbox 169 849 250 928; x_wconf 88' lang='lat' dir='ltr'>Lips.</span> <span class='ocrx_word' id='word_1_56' title='bbox 269 849 295 909; x_wconf 93' lang='lat' dir='ltr'>ll</span> <span class='ocrx_word' id='word_1_57' title='bbox 312 868 340 928; x_wconf 90' lang='lat' dir='ltr'>p.</span> <span class='ocrx_word' id='word_1_58' title='bbox 355 846 420 911; x_wconf 76' lang='lat'>392</span> <span class='ocrx_word' id='word_1_59' title='bbox 431 867 503 930; x_wconf 86' lang='lat' dir='ltr'>sqq,</span> <span class='ocrx_word' id='word_1_60' title='bbox 522 849 633 928; x_wconf 87' lang='lat' dir='ltr'>aliquid</span> <span class='ocrx_word' id='word_1_61' title='bbox 654 851 800 909; x_wconf 83' lang='lat' dir='ltr'>interesse</span> <span class='ocrx_word' id='word_1_62' title='bbox 818 849 905 909; x_wconf 88' lang='lat' dir='ltr'>docet</span> <span class='ocrx_word' id='word_1_63' title='bbox 921 851 1000 910; x_wconf 91' lang='lat' dir='ltr'>inter</span> <span class='ocrx_word' id='word_1_64' title='bbox 1018 851 1181 927; x_wconf 87' lang='lat' dir='ltr'>utriusque</span> 
     </span>
     <span class='ocr_line' id='line_1_9' title="bbox 169 936 1181 1018; baseline -0.002 -20"><span class='ocrx_word' id='word_1_65' title='bbox 169 937 228 998; x_wconf 95' lang='lat' dir='ltr'>loci</span> <span class='ocrx_word' id='word_1_66' title='bbox 250 945 469 1018; x_wconf 81' lang='lat' dir='ltr'>argumentum,</span> <span class='ocrx_word' id='word_1_67' title='bbox 493 939 534 997; x_wconf 90' lang='lat' dir='ltr'>ita</span> <span class='ocrx_word' id='word_1_68' title='bbox 557 944 628 1016; x_wconf 90' lang='lat' dir='ltr'>puto</span> <span class='ocrx_word' id='word_1_69' title='bbox 651 936 780 1015; x_wconf 86' lang='lat' dir='ltr'>Epicuro</span> <span class='ocrx_word' id='word_1_70' title='bbox 801 955 856 1016; x_wconf 94' lang='lat' dir='ltr'>pro</span> <span class='ocrx_word' id='word_1_71' title='bbox 879 944 967 1016; x_wconf 89' lang='lat' dir='ltr'>captu</span> <span class='ocrx_word' id='word_1_72' title='bbox 990 939 1064 1018; x_wconf 89' lang='lat' dir='ltr'>eins,</span> <span class='ocrx_word' id='word_1_73' title='bbox 1086 955 1181 1016; x_wconf 91' lang='lat' dir='ltr'>quem</span> 
     </span>
     <span class='ocr_line' id='line_1_10' title="bbox 170 1024 1182 1106; baseline -0.003 -19"><span class='ocrx_word' id='word_1_74' title='bbox 170 1027 318 1106; x_wconf 90' lang='lat' dir='ltr'>novimus,</span> <span class='ocrx_word' id='word_1_75' title='bbox 344 1044 404 1086; x_wconf 92' lang='lat' dir='ltr'>non</span> <span class='ocrx_word' id='word_1_76' title='bbox 432 1032 546 1086; x_wconf 86' lang='lat' dir='ltr'>tantum</span> <span class='ocrx_word' id='word_1_77' title='bbox 573 1027 705 1104; x_wconf 89' lang='lat' dir='ltr'>potuisse</span> <span class='ocrx_word' id='word_1_78' title='bbox 733 1027 878 1086; x_wconf 86' lang='lat' dir='ltr'>interesse</span> <span class='ocrx_word' id='word_1_79' title='bbox 905 1024 999 1085; x_wconf 87' lang='lat' dir='ltr'>rideri</span> <span class='ocrx_word' id='word_1_80' title='bbox 1021 1027 1101 1085; x_wconf 90' lang='lat' dir='ltr'>inter</span> <span class='ocrx_word' id='word_1_81' title='bbox 1122 1024 1182 1085; x_wconf 90' lang='lat' dir='ltr'>bas</span> 
     </span>
     <span class='ocr_line' id='line_1_11' title="bbox 170 1111 1180 1193; baseline -0.003 -18"><span class='ocrx_word' id='word_1_82' title='bbox 170 1114 243 1175; x_wconf 88' lang='lat' dir='ltr'>duas</span> <span class='ocrx_word' id='word_1_83' title='bbox 266 1116 545 1193; x_wconf 85' lang='lat' dir='ltr'>argumentationes,</span> <span class='ocrx_word' id='word_1_84' title='bbox 567 1121 602 1173; x_wconf 86' lang='lat' dir='ltr'>nt</span> <span class='ocrx_word' id='word_1_85' title='bbox 622 1121 777 1193; x_wconf 88' lang='lat' dir='ltr'>utramque</span> <span class='ocrx_word' id='word_1_86' title='bbox 801 1113 970 1192; x_wconf 83' lang='lat' dir='ltr'>explicaret,</span> <span class='ocrx_word' id='word_1_87' title='bbox 993 1113 1045 1173; x_wconf 90' lang='lat' dir='ltr'>sed</span> <span class='ocrx_word' id='word_1_88' title='bbox 1066 1111 1180 1173; x_wconf 89' lang='lat' dir='ltr'>Lucre-</span> 
     </span>
     <span class='ocr_line' id='line_1_12' title="bbox 169 1199 1181 1281; baseline -0.003 -18"><span class='ocrx_word' id='word_1_89' title='bbox 169 1205 246 1264; x_wconf 89' lang='lat' dir='ltr'>tium</span> <span class='ocrx_word' id='word_1_90' title='bbox 263 1201 310 1262; x_wconf 93' lang='lat' dir='ltr'>bis</span> <span class='ocrx_word' id='word_1_91' title='bbox 328 1201 494 1280; x_wconf 89' lang='lat' dir='ltr'>periculum</span> <span class='ocrx_word' id='word_1_92' title='bbox 512 1202 619 1262; x_wconf 83' lang='lat' dir='ltr'>fecisse</span> <span class='ocrx_word' id='word_1_93' title='bbox 638 1199 771 1262; x_wconf 88' lang='lat' dir='ltr'>eiusdem</span> <span class='ocrx_word' id='word_1_94' title='bbox 789 1203 834 1261; x_wconf 91' lang='lat' dir='ltr'>rei</span> <span class='ocrx_word' id='word_1_95' title='bbox 847 1200 1044 1281; x_wconf 80' lang='lat' dir='ltr'>explicandae.</span> <span class='ocrx_word' id='word_1_96' title='bbox 1076 1203 1181 1279; x_wconf 88' lang='lat' dir='ltr'>itaque</span> 
     </span>
     <span class='ocr_line' id='line_1_13' title="bbox 170 1285 1181 1369; baseline -0.002 -19"><span class='ocrx_word' id='word_1_97' title='bbox 170 1311 213 1351; x_wconf 88' lang='lat' dir='ltr'>vv.</span> <span class='ocrx_word' id='word_1_98' title='bbox 223 1286 401 1351; x_wconf 78' lang='lat'>458-464</span> <span class='ocrx_word' id='word_1_99' title='bbox 413 1307 473 1350; x_wconf 95' lang='lat' dir='ltr'>non</span> <span class='ocrx_word' id='word_1_100' title='bbox 486 1296 554 1369; x_wconf 89' lang='lat' dir='ltr'>post</span> <span class='ocrx_word' id='word_1_101' title='bbox 562 1285 738 1351; x_wconf 80' lang='lat'>465—476</span> <span class='ocrx_word' id='word_1_102' title='bbox 753 1288 863 1350; x_wconf 89' lang='lat' dir='ltr'>colloco</span> <span class='ocrx_word' id='word_1_103' title='bbox 878 1289 930 1349; x_wconf 88' lang='lat' dir='ltr'>sed</span> <span class='ocrx_word' id='word_1_104' title='bbox 945 1287 1073 1349; x_wconf 89' lang='lat' dir='ltr'>secludo.</span> <span class='ocrx_word' id='word_1_105' title='bbox 1095 1288 1181 1348; x_wconf 88' lang='lat' dir='ltr'>idem</span> 
     </span>
     <span class='ocr_line' id='line_1_14' title="bbox 170 1373 1178 1455; baseline -0.002 -16"><span class='ocrx_word' id='word_1_106' title='bbox 170 1380 307 1440; x_wconf 81' lang='lat' dir='ltr'>existimo</span> <span class='ocrx_word' id='word_1_107' title='bbox 330 1378 439 1438; x_wconf 87' lang='lat' dir='ltr'>lactum</span> <span class='ocrx_word' id='word_1_108' title='bbox 463 1395 528 1437; x_wconf 91' lang='lat' dir='ltr'>esse</span> <span class='ocrx_word' id='word_1_109' title='bbox 551 1378 583 1437; x_wconf 93' lang='lat' dir='ltr'>in</span> <span class='ocrx_word' id='word_1_110' title='bbox 606 1379 651 1437; x_wconf 91' lang='lat' dir='ltr'>eis</span> <span class='ocrx_word' id='word_1_111' title='bbox 668 1375 741 1436; x_wconf 90' lang='lat' dir='ltr'>locis</span> <span class='ocrx_word' id='word_1_112' title='bbox 760 1379 812 1455; x_wconf 93' lang='lat' dir='ltr'>qui</span> <span class='ocrx_word' id='word_1_113' title='bbox 830 1385 899 1437; x_wconf 86' lang='lat' dir='ltr'>sunt</span> <span class='ocrx_word' id='word_1_114' title='bbox 916 1373 1178 1438; x_wconf 84' lang='lat'>111101-1139</span> 
     </span>
     <span class='ocr_line' id='line_1_15' title="bbox 171 1461 1180 1546; baseline -0.003 -19"><span class='ocrx_word' id='word_1_115' title='bbox 171 1475 201 1527; x_wconf 85' lang='lat' dir='ltr'>et</span> <span class='ocrx_word' id='word_1_116' title='bbox 229 1461 468 1545; x_wconf 84' lang='lat'>1142-1145,</span> <span class='ocrx_word' id='word_1_117' title='bbox 501 1465 537 1524; x_wconf 86' lang='lat' dir='ltr'>de</span> <span class='ocrx_word' id='word_1_118' title='bbox 566 1464 674 1542; x_wconf 84' lang='lat' dir='ltr'>qulbus</span> <span class='ocrx_word' id='word_1_119' title='bbox 700 1483 727 1524; x_wconf 83' lang='lat' dir='ltr'>r.</span> <span class='ocrx_word' id='word_1_120' title='bbox 754 1465 836 1546; x_wconf 68' lang='lat' dir='ltr'>infr,</span> <span class='ocrx_word' id='word_1_121' title='bbox 868 1471 898 1525; x_wconf 91' lang='lat' dir='ltr'>et</span> <span class='ocrx_word' id='word_1_122' title='bbox 927 1467 959 1524; x_wconf 96' lang='lat' dir='ltr'>in</span> <span class='ocrx_word' id='word_1_123' title='bbox 985 1464 1033 1524; x_wconf 92' lang='lat' dir='ltr'>bis</span> <span class='ocrx_word' id='word_1_124' title='bbox 1060 1463 1180 1525; x_wconf 88' lang='lat' dir='ltr'>dnobus</span> 
     </span>
     <span class='ocr_line' id='line_1_16' title="bbox 171 1549 1179 1634; baseline -0.004 -18"><span class='ocrx_word' id='word_1_125' title='bbox 171 1554 241 1616; x_wconf 90' lang='lat' dir='ltr'>libri</span> <span class='ocrx_word' id='word_1_126' title='bbox 263 1556 345 1614; x_wconf 90' lang='lat' dir='ltr'>tertii</span> <span class='ocrx_word' id='word_1_127' title='bbox 366 1553 449 1634; x_wconf 89' lang='lat' dir='ltr'>locis,</span> <span class='ocrx_word' id='word_1_128' title='bbox 472 1555 525 1631; x_wconf 92' lang='lat' dir='ltr'>qni</span> <span class='ocrx_word' id='word_1_129' title='bbox 547 1560 616 1613; x_wconf 90' lang='lat' dir='ltr'>sunt</span> <span class='ocrx_word' id='word_1_130' title='bbox 638 1549 811 1614; x_wconf 78' lang='lat'>463-471</span> <span class='ocrx_word' id='word_1_131' title='bbox 837 1560 867 1613; x_wconf 91' lang='lat' dir='ltr'>et</span> <span class='ocrx_word' id='word_1_132' title='bbox 888 1549 1078 1633; x_wconf 77' lang='lat'>488—503,</span> <span class='ocrx_word' id='word_1_133' title='bbox 1103 1571 1179 1632; x_wconf 93' lang='lat' dir='ltr'>quo-</span> 
     </span>
     <span class='ocr_line' id='line_1_17' title="bbox 171 1639 1180 1721; baseline -0.004 -17"><span class='ocrx_word' id='word_1_134' title='bbox 171 1661 238 1704; x_wconf 88' lang='lat' dir='ltr'>rum</span> <span class='ocrx_word' id='word_1_135' title='bbox 265 1641 355 1702; x_wconf 90' lang='lat' dir='ltr'>altero</span> <span class='ocrx_word' id='word_1_136' title='bbox 384 1643 499 1702; x_wconf 87' lang='lat' dir='ltr'>animus</span> <span class='ocrx_word' id='word_1_137' title='bbox 522 1647 556 1701; x_wconf 91' lang='lat' dir='ltr'>nt</span> <span class='ocrx_word' id='word_1_138' title='bbox 578 1642 616 1700; x_wconf 88' lang='lat' dir='ltr'>sit</span> <span class='ocrx_word' id='word_1_139' title='bbox 638 1640 772 1701; x_wconf 84' lang='lat' dir='ltr'>mortalis</span> <span class='ocrx_word' id='word_1_140' title='bbox 794 1639 864 1701; x_wconf 83' lang='lat' dir='ltr'>Inde</span> <span class='ocrx_word' id='word_1_141' title='bbox 887 1643 972 1721; x_wconf 91' lang='lat' dir='ltr'>sequi</span> <span class='ocrx_word' id='word_1_142' title='bbox 995 1641 1180 1701; x_wconf 86' lang='lat' dir='ltr'>demonstrat</span> 
     </span>
     <span class='ocr_line' id='line_1_18' title="bbox 171 1728 1179 1811; baseline -0.001 -21"><span class='ocrx_word' id='word_1_143' title='bbox 171 1737 267 1811; x_wconf 91' lang='lat' dir='ltr'>poeta,</span> <span class='ocrx_word' id='word_1_144' title='bbox 290 1729 368 1809; x_wconf 88' lang='lat' dir='ltr'>quod</span> <span class='ocrx_word' id='word_1_145' title='bbox 392 1730 524 1808; x_wconf 91' lang='lat' dir='ltr'>corporis</span> <span class='ocrx_word' id='word_1_146' title='bbox 547 1728 719 1788; x_wconf 90' lang='lat' dir='ltr'>morborum</span> <span class='ocrx_word' id='word_1_147' title='bbox 742 1730 886 1807; x_wconf 84' lang='lat' dir='ltr'>contagiis</span> <span class='ocrx_word' id='word_1_148' title='bbox 908 1729 1058 1809; x_wconf 87' lang='lat' dir='ltr'>turbetur,</span> <span class='ocrx_word' id='word_1_149' title='bbox 1083 1728 1179 1789; x_wconf 85' lang='lat' dir='ltr'>altero</span> 
     </span>
     <span class='ocr_line' id='line_1_19' title="bbox 172 1815 1179 1897; baseline 0 -19"><span class='ocrx_word' id='word_1_150' title='bbox 172 1819 251 1878; x_wconf 90' lang='lat' dir='ltr'>idem</span> <span class='ocrx_word' id='word_1_151' title='bbox 278 1820 319 1877; x_wconf 88' lang='lat' dir='ltr'>ita</span> <span class='ocrx_word' id='word_1_152' title='bbox 346 1817 444 1897; x_wconf 89' lang='lat' dir='ltr'>docet,</span> <span class='ocrx_word' id='word_1_153' title='bbox 473 1824 507 1877; x_wconf 89' lang='lat' dir='ltr'>ut</span> <span class='ocrx_word' id='word_1_154' title='bbox 529 1815 559 1876; x_wconf 88' lang='lat' dir='ltr'>id</span> <span class='ocrx_word' id='word_1_155' title='bbox 582 1819 614 1876; x_wconf 93' lang='lat' dir='ltr'>in</span> <span class='ocrx_word' id='word_1_156' title='bbox 637 1816 779 1877; x_wconf 88' lang='lat' dir='ltr'>comitiali</span> <span class='ocrx_word' id='word_1_157' title='bbox 799 1816 903 1877; x_wconf 93' lang='lat' dir='ltr'>morbo</span> <span class='ocrx_word' id='word_1_158' title='bbox 927 1818 994 1876; x_wconf 87' lang='lat' dir='ltr'>fieri</span> <span class='ocrx_word' id='word_1_159' title='bbox 1015 1817 1179 1878; x_wconf 86' lang='lat' dir='ltr'>rideamus.</span> 
     </span>
     <span class='ocr_line' id='line_1_20' title="bbox 171 1905 1179 1985; baseline 0 -18"><span class='ocrx_word' id='word_1_160' title='bbox 171 1906 251 1967; x_wconf 92' lang='lat' dir='ltr'>nullo</span> <span class='ocrx_word' id='word_1_161' title='bbox 275 1908 354 1966; x_wconf 92' lang='lat' dir='ltr'>enim</span> <span class='ocrx_word' id='word_1_162' title='bbox 372 1906 459 1966; x_wconf 89' lang='lat' dir='ltr'>modo</span> <span class='ocrx_word' id='word_1_163' title='bbox 486 1905 607 1967; x_wconf 88' lang='lat' dir='ltr'>credere</span> <span class='ocrx_word' id='word_1_164' title='bbox 631 1924 752 1985; x_wconf 87' lang='lat' dir='ltr'>possum</span> <span class='ocrx_word' id='word_1_165' title='bbox 773 1912 900 1985; x_wconf 89' lang='lat' dir='ltr'>poetam,</span> <span class='ocrx_word' id='word_1_166' title='bbox 921 1912 1079 1985; x_wconf 88' lang='lat' dir='ltr'>postquam</span> <span class='ocrx_word' id='word_1_167' title='bbox 1100 1905 1179 1967; x_wconf 89' lang='lat' dir='ltr'>banc</span> 
     </span>
     <span class='ocr_line' id='line_1_21' title="bbox 171 1993 1179 2074; baseline -0.002 -18"><span class='ocrx_word' id='word_1_168' title='bbox 171 1998 260 2056; x_wconf 91' lang='lat' dir='ltr'>unius</span> <span class='ocrx_word' id='word_1_169' title='bbox 283 1996 410 2072; x_wconf 91' lang='lat' dir='ltr'>insignis</span> <span class='ocrx_word' id='word_1_170' title='bbox 432 1993 529 2054; x_wconf 92' lang='lat' dir='ltr'>morbi</span> <span class='ocrx_word' id='word_1_171' title='bbox 551 1996 804 2073; x_wconf 88' lang='lat' dir='ltr'>quasi-picturam</span> <span class='ocrx_word' id='word_1_172' title='bbox 826 1993 959 2074; x_wconf 82' lang='lat' dir='ltr'>absolvit,</span> <span class='ocrx_word' id='word_1_173' title='bbox 986 1996 1074 2054; x_wconf 87' lang='lat' dir='ltr'>eliam</span> <span class='ocrx_word' id='word_1_174' title='bbox 1097 1994 1179 2054; x_wconf 92' lang='lat' dir='ltr'>hunc</span> 
     </span>
     <span class='ocr_line' id='line_1_22' title="bbox 172 2080 1179 2162; baseline -0.001 -19"><span class='ocrx_word' id='word_1_175' title='bbox 172 2085 302 2162; x_wconf 88' lang='lat' dir='ltr'>priorem</span> <span class='ocrx_word' id='word_1_176' title='bbox 324 2082 422 2142; x_wconf 90' lang='lat' dir='ltr'>locum</span> <span class='ocrx_word' id='word_1_177' title='bbox 438 2080 531 2142; x_wconf 88' lang='lat' dir='ltr'>multo</span> <span class='ocrx_word' id='word_1_178' title='bbox 549 2084 650 2142; x_wconf 87' lang='lat' dir='ltr'>minus</span> <span class='ocrx_word' id='word_1_179' title='bbox 667 2081 848 2142; x_wconf 86' lang='lat' dir='ltr'>elaboratum</span> <span class='ocrx_word' id='word_1_180' title='bbox 867 2081 926 2160; x_wconf 89' lang='lat' dir='ltr'>legi</span> <span class='ocrx_word' id='word_1_181' title='bbox 943 2080 1081 2142; x_wconf 88' lang='lat' dir='ltr'>voluisse.</span> <span class='ocrx_word' id='word_1_182' title='bbox 1117 2084 1179 2142; x_wconf 91' lang='lat' dir='ltr'>iam</span> 
     </span>
     <span class='ocr_line' id='line_1_23' title="bbox 171 2168 1179 2249; baseline 0 -18"><span class='ocrx_word' id='word_1_183' title='bbox 171 2172 260 2231; x_wconf 91' lang='lat' dir='ltr'>buius</span> <span class='ocrx_word' id='word_1_184' title='bbox 282 2169 342 2230; x_wconf 87' lang='lat' dir='ltr'>loci</span> <span class='ocrx_word' id='word_1_185' title='bbox 364 2176 570 2249; x_wconf 88' lang='lat' dir='ltr'>argumentum</span> <span class='ocrx_word' id='word_1_186' title='bbox 593 2188 662 2230; x_wconf 89' lang='lat' dir='ltr'>oum</span> <span class='ocrx_word' id='word_1_187' title='bbox 684 2188 720 2229; x_wconf 85' lang='lat' dir='ltr'>ex</span> <span class='ocrx_word' id='word_1_188' title='bbox 742 2177 825 2249; x_wconf 91' lang='lat' dir='ltr'>parte</span> <span class='ocrx_word' id='word_1_189' title='bbox 844 2177 924 2230; x_wconf 89' lang='lat' dir='ltr'>certe</span> <span class='ocrx_word' id='word_1_190' title='bbox 942 2168 1022 2230; x_wconf 92' lang='lat' dir='ltr'>idem</span> <span class='ocrx_word' id='word_1_191' title='bbox 1039 2171 1080 2230; x_wconf 91' lang='lat' dir='ltr'>sit</span> <span class='ocrx_word' id='word_1_192' title='bbox 1097 2171 1179 2248; x_wconf 85' lang='lat' dir='ltr'>quod</span> 
     </span>
     <span class='ocr_line' id='line_1_24' title="bbox 170 2254 1179 2339; baseline -0.002 -20"><span class='ocrx_word' id='word_1_193' title='bbox 170 2276 310 2321; x_wconf 86' lang='lat' dir='ltr'>versuum</span> <span class='ocrx_word' id='word_1_194' title='bbox 328 2254 513 2339; x_wconf 84' lang='lat'>590-604,</span> <span class='ocrx_word' id='word_1_195' title='bbox 536 2256 737 2336; x_wconf 89' lang='lat' dir='ltr'>quaerendum</span> <span class='ocrx_word' id='word_1_196' title='bbox 758 2256 874 2318; x_wconf 84' lang='lat' dir='ltr'>videtur</span> <span class='ocrx_word' id='word_1_197' title='bbox 891 2260 1043 2336; x_wconf 92' lang='lat' dir='ltr'>possintne</span> <span class='ocrx_word' id='word_1_198' title='bbox 1061 2257 1094 2317; x_wconf 93' lang='lat' dir='ltr'>bi</span> <span class='ocrx_word' id='word_1_199' title='bbox 1111 2277 1179 2318; x_wconf 82' lang='lat' dir='ltr'>rer-</span> 
     </span>
     <span class='ocr_line' id='line_1_25' title="bbox 172 2344 1180 2429; baseline -0.001 -22"><span class='ocrx_word' id='word_1_200' title='bbox 172 2366 236 2429; x_wconf 91' lang='lat' dir='ltr'>sns,</span> <span class='ocrx_word' id='word_1_201' title='bbox 268 2364 342 2426; x_wconf 91' lang='lat' dir='ltr'>quos</span> <span class='ocrx_word' id='word_1_202' title='bbox 372 2345 408 2406; x_wconf 85' lang='lat' dir='ltr'>ab</span> <span class='ocrx_word' id='word_1_203' title='bbox 438 2364 473 2406; x_wconf 90' lang='lat' dir='ltr'>eo</span> <span class='ocrx_word' id='word_1_204' title='bbox 503 2345 554 2406; x_wconf 93' lang='lat' dir='ltr'>ubi</span> <span class='ocrx_word' id='word_1_205' title='bbox 581 2353 682 2406; x_wconf 83' lang='lat' dir='ltr'>extant</span> <span class='ocrx_word' id='word_1_206' title='bbox 711 2346 744 2405; x_wconf 94' lang='lat' dir='ltr'>in</span> <span class='ocrx_word' id='word_1_207' title='bbox 772 2345 857 2405; x_wconf 91' lang='lat' dir='ltr'>libris</span> <span class='ocrx_word' id='word_1_208' title='bbox 883 2344 948 2406; x_wconf 93' lang='lat' dir='ltr'>loco</span> <span class='ocrx_word' id='word_1_209' title='bbox 975 2345 1087 2407; x_wconf 88' lang='lat' dir='ltr'>alienos</span> <span class='ocrx_word' id='word_1_210' title='bbox 1110 2364 1180 2406; x_wconf 86' lang='lat' dir='ltr'>esse</span> 
     </span>
     <span class='ocr_line' id='line_1_26' title="bbox 170 2434 1180 2516; baseline -0.001 -21"><span class='ocrx_word' id='word_1_211' title='bbox 170 2436 272 2516; x_wconf 90' lang='lat' dir='ltr'>plnres</span> <span class='ocrx_word' id='word_1_212' title='bbox 300 2437 359 2495; x_wconf 91' lang='lat' dir='ltr'>iam</span> <span class='ocrx_word' id='word_1_213' title='bbox 389 2435 444 2493; x_wconf 83' lang='lat' dir='ltr'>riri</span> <span class='ocrx_word' id='word_1_214' title='bbox 471 2434 551 2494; x_wconf 89' lang='lat' dir='ltr'>docti</span> <span class='ocrx_word' id='word_1_215' title='bbox 576 2434 727 2514; x_wconf 87' lang='lat' dir='ltr'>viderunt,</span> <span class='ocrx_word' id='word_1_216' title='bbox 754 2435 794 2493; x_wconf 89' lang='lat' dir='ltr'>ita</span> <span class='ocrx_word' id='word_1_217' title='bbox 816 2435 953 2515; x_wconf 86' lang='lat' dir='ltr'>retineri,</span> <span class='ocrx_word' id='word_1_218' title='bbox 975 2441 1008 2494; x_wconf 90' lang='lat' dir='ltr'>ut</span> <span class='ocrx_word' id='word_1_219' title='bbox 1028 2434 1124 2500; x_wconf 65' lang='lat' dir='ltr'>‚alium</span> <span class='ocrx_word' id='word_1_220' title='bbox 1145 2436 1180 2495; x_wconf 94' lang='lat' dir='ltr'>in</span> 
     </span>
     <span class='ocr_line' id='line_1_27' title="bbox 171 2520 1180 2601; baseline 0 -18"><span class='ocrx_word' id='word_1_221' title='bbox 171 2524 269 2585; x_wconf 90' lang='lat' dir='ltr'>locum</span> <span class='ocrx_word' id='word_1_222' title='bbox 309 2522 533 2584; x_wconf 83' lang='lat' dir='ltr'>transferantur.</span> <span class='ocrx_word' id='word_1_223' title='bbox 595 2528 625 2581; x_wconf 91' lang='lat' dir='ltr'>et</span> <span class='ocrx_word' id='word_1_224' title='bbox 660 2520 811 2582; x_wconf 88' lang='lat' dir='ltr'>transtulit</span> <span class='ocrx_word' id='word_1_225' title='bbox 846 2520 993 2582; x_wconf 80' lang='lat' dir='ltr'>Christins</span> <span class='ocrx_word' id='word_1_226' title='bbox 1032 2521 1180 2601; x_wconf 89' lang='lat' dir='ltr'>probante</span> 
     </span>
     <span class='ocr_line' id='line_1_28' title="bbox 172 2606 1178 2690; baseline 0.001 -19"><span class='ocrx_word' id='word_1_227' title='bbox 172 2610 395 2672; x_wconf 78' lang='lat' dir='ltr'>Boclremrillero</span> <span class='ocrx_word' id='word_1_228' title='bbox 419 2616 449 2670; x_wconf 88' lang='lat' dir='ltr'>et</span> <span class='ocrx_word' id='word_1_229' title='bbox 468 2609 655 2690; x_wconf 88' lang='lat' dir='ltr'>Susemihlio,</span> <span class='ocrx_word' id='word_1_230' title='bbox 676 2608 777 2689; x_wconf 93' lang='lat' dir='ltr'>philol.</span> <span class='ocrx_word' id='word_1_231' title='bbox 796 2607 898 2669; x_wconf 84' lang='lat' dir='ltr'><strong>XXVII</strong></span> <span class='ocrx_word' id='word_1_232' title='bbox 911 2606 964 2690; x_wconf 80' lang='lat'>45,</span> <span class='ocrx_word' id='word_1_233' title='bbox 985 2616 1053 2688; x_wconf 85' lang='lat' dir='ltr'>post</span> <span class='ocrx_word' id='word_1_234' title='bbox 1070 2628 1096 2677; x_wconf 83' lang='lat' dir='ltr'>r.</span> <span class='ocrx_word' id='word_1_235' title='bbox 1111 2606 1178 2672; x_wconf 74' lang='lat'>577</span> 
     </span>
     <span class='ocr_line' id='line_1_29' title="bbox 173 2692 1225 2783; baseline -0.002 -22"><span class='ocrx_word' id='word_1_236' title='bbox 173 2693 252 2783; x_wconf 80' lang='lat'>(579</span> <span class='ocrx_word' id='word_1_237' title='bbox 273 2692 365 2782; x_wconf 85' lang='lat' dir='ltr'>Lm.);</span> <span class='ocrx_word' id='word_1_238' title='bbox 388 2715 448 2758; x_wconf 91' lang='lat' dir='ltr'>non</span> <span class='ocrx_word' id='word_1_239' title='bbox 469 2714 593 2777; x_wconf 88' lang='lat' dir='ltr'>prorsus</span> <span class='ocrx_word' id='word_1_240' title='bbox 615 2699 715 2776; x_wconf 91' lang='lat' dir='ltr'>inepte</span> <span class='ocrx_word' id='word_1_241' title='bbox 738 2696 782 2756; x_wconf 91' lang='lat' dir='ltr'>illi</span> <span class='ocrx_word' id='word_1_242' title='bbox 805 2697 936 2778; x_wconf 91' lang='lat' dir='ltr'>quidem,</span> <span class='ocrx_word' id='word_1_243' title='bbox 958 2715 1056 2782; x_wconf 85' lang='lat' dir='ltr'>neque</span> <span class='ocrx_word' id='word_1_244' title='bbox 1078 2704 1181 2759; x_wconf 88' lang='lat' dir='ltr'>tamen</span> <span class='ocrx_word' id='word_1_245' title='bbox 1224 2695 1225 2698; x_wconf 66' lang='grc'>’</span> 
     </span>
     <span class='ocr_line' id='line_1_30' title="bbox 172 2785 1181 2866; baseline -0.002 -18"><span class='ocrx_word' id='word_1_246' title='bbox 172 2789 244 2847; x_wconf 88' lang='lat' dir='ltr'>satis</span> <span class='ocrx_word' id='word_1_247' title='bbox 266 2793 341 2866; x_wconf 90' lang='lat' dir='ltr'>apte,</span> <span class='ocrx_word' id='word_1_248' title='bbox 365 2788 478 2865; x_wconf 89' lang='lat' dir='ltr'>opinor.</span> <span class='ocrx_word' id='word_1_249' title='bbox 515 2787 613 2863; x_wconf 90' lang='lat' dir='ltr'>itaque</span> <span class='ocrx_word' id='word_1_250' title='bbox 636 2804 690 2845; x_wconf 90' lang='lat' dir='ltr'>suo</span> <span class='ocrx_word' id='word_1_251' title='bbox 713 2785 777 2845; x_wconf 93' lang='lat' dir='ltr'>loco</span> <span class='ocrx_word' id='word_1_252' title='bbox 800 2792 933 2846; x_wconf 84' lang='lat' dir='ltr'>retentos</span> <span class='ocrx_word' id='word_1_253' title='bbox 956 2785 1072 2846; x_wconf 87' lang='lat' dir='ltr'>seclusi</span> <span class='ocrx_word' id='word_1_254' title='bbox 1109 2804 1181 2865; x_wconf 87' lang='lat' dir='ltr'>per·</span> 
     </span>
     <span class='ocr_line' id='line_1_31' title="bbox 173 2872 1181 2954; baseline -0.003 -18"><span class='ocrx_word' id='word_1_255' title='bbox 173 2892 293 2936; x_wconf 90' lang='lat' dir='ltr'>suasum</span> <span class='ocrx_word' id='word_1_256' title='bbox 315 2872 409 2934; x_wconf 88' lang='lat' dir='ltr'>habeo</span> <span class='ocrx_word' id='word_1_257' title='bbox 431 2881 558 2954; x_wconf 89' lang='lat' dir='ltr'>poetam,</span> <span class='ocrx_word' id='word_1_258' title='bbox 582 2875 608 2933; x_wconf 90' lang='lat' dir='ltr'>si</span> <span class='ocrx_word' id='word_1_259' title='bbox 627 2891 701 2952; x_wconf 91' lang='lat' dir='ltr'>opus</span> <span class='ocrx_word' id='word_1_260' title='bbox 718 2874 864 2953; x_wconf 88' lang='lat' dir='ltr'>perficere</span> <span class='ocrx_word' id='word_1_261' title='bbox 882 2873 1024 2954; x_wconf 78' lang='lat' dir='ltr'>li0uisset,</span> <span class='ocrx_word' id='word_1_262' title='bbox 1047 2892 1099 2933; x_wconf 93' lang='lat' dir='ltr'>eos</span> <span class='ocrx_word' id='word_1_263' title='bbox 1117 2892 1181 2934; x_wconf 96' lang='lat' dir='ltr'>non</span> 
     </span>
     <span class='ocr_line' id='line_1_32' title="bbox 172 2945 1224 3043; baseline -0.001 -19"><span class='ocrx_word' id='word_1_264' title='bbox 172 2962 293 3043; x_wconf 88' lang='lat' dir='ltr'>quidem</span> <span class='ocrx_word' id='word_1_265' title='bbox 320 2964 484 3022; x_wconf 85' lang='lat' dir='ltr'>eiecturum</span> <span class='ocrx_word' id='word_1_266' title='bbox 508 2961 614 3041; x_wconf 86' lang='lat' dir='ltr'>luisse,</span> <span class='ocrx_word' id='word_1_267' title='bbox 644 2960 695 3022; x_wconf 92' lang='lat' dir='ltr'>sed</span> <span class='ocrx_word' id='word_1_268' title='bbox 719 2969 817 3021; x_wconf 88' lang='lat' dir='ltr'>tamen</span> <span class='ocrx_word' id='word_1_269' title='bbox 839 2969 1034 3042; x_wconf 85' lang='lat' dir='ltr'>mutaturum,</span> <span class='ocrx_word' id='word_1_270' title='bbox 1061 2980 1099 3023; x_wconf 92' lang='lat' dir='ltr'>ne</span> <span class='ocrx_word' id='word_1_271' title='bbox 1122 2962 1181 3023; x_wconf 93' lang='lat' dir='ltr'>boc</span> <span class='ocrx_word' id='word_1_272' title='bbox 1223 2945 1224 2970; x_wconf 54' lang='lat'>¹</span> 
     </span>
     <span class='ocr_line' id='line_1_33' title="bbox 172 3047 1181 3131; baseline -0.001 -19"><span class='ocrx_word' id='word_1_273' title='bbox 172 3050 250 3131; x_wconf 90' lang='lat' dir='ltr'>quod</span> <span class='ocrx_word' id='word_1_274' title='bbox 275 3050 346 3111; x_wconf 89' lang='lat' dir='ltr'>dicit</span> <span class='ocrx_word' id='word_1_275' title='bbox 367 3047 442 3129; x_wconf 76' lang='lat' dir='ltr'>fiais</span> <span class='ocrx_word' id='word_1_276' title='bbox 464 3048 539 3110; x_wconf 83' lang='lat' dir='ltr'>dum</span> <span class='ocrx_word' id='word_1_277' title='bbox 561 3047 643 3111; x_wconf 81' lang='lat' dir='ltr'>vitoe</span> <span class='ocrx_word' id='word_1_278' title='bbox 663 3047 791 3111; x_wconf 66' lang='lat' dir='ltr'>cobbo</span> <span class='ocrx_word' id='word_1_279' title='bbox 810 3047 903 3126; x_wconf 74' lang='lat' dir='ltr'>labo,</span> <span class='ocrx_word' id='word_1_280' title='bbox 922 3051 1031 3129; x_wconf 92' lang='lat' dir='ltr'>quippe</span> <span class='ocrx_word' id='word_1_281' title='bbox 1049 3051 1130 3129; x_wconf 89' lang='lat' dir='ltr'>quod</span> <span class='ocrx_word' id='word_1_282' title='bbox 1148 3054 1181 3111; x_wconf 92' lang='lat' dir='ltr'>in</span> 
     </span>
     <span class='ocr_line' id='line_1_34' title="bbox 172 3136 1223 3242; baseline 0 -43"><span class='ocrx_word' id='word_1_283' title='bbox 172 3139 237 3199; x_wconf 92' lang='lat' dir='ltr'>aliis</span> <span class='ocrx_word' id='word_1_284' title='bbox 268 3156 385 3218; x_wconf 89' lang='lat' dir='ltr'>quoque</span> <span class='ocrx_word' id='word_1_285' title='bbox 416 3136 718 3217; x_wconf 86' lang='lat' dir='ltr'>argumentationibus</span> <span class='ocrx_word' id='word_1_286' title='bbox 748 3137 872 3219; x_wconf 89' lang='lat' dir='ltr'>valeret,</span> <span class='ocrx_word' id='word_1_287' title='bbox 906 3140 1094 3198; x_wconf 87' lang='lat' dir='ltr'>retineretur.</span> <span class='ocrx_word' id='word_1_288' title='bbox 1147 3141 1181 3199; x_wconf 93' lang='lat' dir='ltr'>in</span> <span class='ocrx_word' id='word_1_289' title='bbox 1222 3175 1223 3242; x_wconf 66' lang='lat'>,</span> 
     </span>
     <span class='ocr_line' id='line_1_35' title="bbox 172 3222 1180 3306; baseline -0.001 -18"><span class='ocrx_word' id='word_1_290' title='bbox 172 3228 277 3288; x_wconf 90' lang='lat' dir='ltr'>eodem</span> <span class='ocrx_word' id='word_1_291' title='bbox 303 3226 380 3286; x_wconf 92' lang='lat' dir='ltr'>libro</span> <span class='ocrx_word' id='word_1_292' title='bbox 409 3244 462 3286; x_wconf 90' lang='lat' dir='ltr'>cnr</span> <span class='ocrx_word' id='word_1_293' title='bbox 483 3244 527 3286; x_wconf 86' lang='lat' dir='ltr'>vv.</span> <span class='ocrx_word' id='word_1_294' title='bbox 549 3222 723 3288; x_wconf 80' lang='lat'>189-195</span> <span class='ocrx_word' id='word_1_295' title='bbox 747 3224 929 3306; x_wconf 91' lang='lat' dir='ltr'>secluserim,</span> <span class='ocrx_word' id='word_1_296' title='bbox 956 3226 1033 3285; x_wconf 84' lang='lat' dir='ltr'>infra</span> <span class='ocrx_word' id='word_1_297' title='bbox 1055 3225 1180 3287; x_wconf 84' lang='lat' dir='ltr'>videbis.</span> 
     </span>
     <span class='ocr_line' id='line_1_36' title="bbox 171 3312 1222 3394; baseline 0 -19"><span class='ocrx_word' id='word_1_298' title='bbox 171 3318 246 3376; x_wconf 91' lang='lat' dir='ltr'>mire</span> <span class='ocrx_word' id='word_1_299' title='bbox 277 3334 311 3375; x_wconf 88' lang='lat' dir='ltr'>ea</span> <span class='ocrx_word' id='word_1_300' title='bbox 341 3331 416 3394; x_wconf 87' lang='lat' dir='ltr'>quae</span> <span class='ocrx_word' id='word_1_301' title='bbox 447 3312 539 3377; x_wconf 80' lang='lat' dir='ltr'>semel</span> <span class='ocrx_word' id='word_1_302' title='bbox 569 3314 694 3374; x_wconf 89' lang='lat' dir='ltr'>dicenda</span> <span class='ocrx_word' id='word_1_303' title='bbox 722 3320 808 3375; x_wconf 90' lang='lat' dir='ltr'>erant</span> <span class='ocrx_word' id='word_1_304' title='bbox 835 3312 883 3374; x_wconf 89' lang='lat' dir='ltr'>bis</span> <span class='ocrx_word' id='word_1_305' title='bbox 913 3313 1052 3374; x_wconf 88' lang='lat' dir='ltr'>dicuntur</span> <span class='ocrx_word' id='word_1_306' title='bbox 1080 3316 1114 3374; x_wconf 93' lang='lat' dir='ltr'>in</span> <span class='ocrx_word' id='word_1_307' title='bbox 1146 3333 1182 3375; x_wconf 90' lang='lat' dir='ltr'>ea</span> <span class='ocrx_word' id='word_1_308' title='bbox 1221 3343 1222 3356; x_wconf 69' lang='lat'>.</span> 
     </span>
     <span class='ocr_line' id='line_1_37' title="bbox 171 3401 1182 3482; baseline -0.001 -18"><span class='ocrx_word' id='word_1_309' title='bbox 171 3403 241 3464; x_wconf 94' lang='lat' dir='ltr'>libri</span> <span class='ocrx_word' id='word_1_310' title='bbox 263 3402 300 3463; x_wconf 90' lang='lat' dir='ltr'>lV</span> <span class='ocrx_word' id='word_1_311' title='bbox 323 3409 415 3482; x_wconf 89' lang='lat' dir='ltr'>parte,</span> <span class='ocrx_word' id='word_1_312' title='bbox 439 3419 513 3480; x_wconf 88' lang='lat' dir='ltr'>quae</span> <span class='ocrx_word' id='word_1_313' title='bbox 537 3408 583 3462; x_wconf 90' lang='lat' dir='ltr'>est</span> <span class='ocrx_word' id='word_1_314' title='bbox 606 3402 642 3463; x_wconf 90' lang='lat' dir='ltr'>do</span> <span class='ocrx_word' id='word_1_315' title='bbox 662 3401 888 3463; x_wconf 90' lang='lat' dir='ltr'>simulacrorum</span> <span class='ocrx_word' id='word_1_316' title='bbox 905 3404 937 3461; x_wconf 94' lang='lat' dir='ltr'>in</span> <span class='ocrx_word' id='word_1_317' title='bbox 956 3404 1079 3462; x_wconf 91' lang='lat' dir='ltr'>somniis</span> <span class='ocrx_word' id='word_1_318' title='bbox 1096 3410 1182 3463; x_wconf 91' lang='lat' dir='ltr'>motu</span> 
     </span>
     <span class='ocr_line' id='line_1_38' title="bbox 171 3489 1181 3572; baseline -0.002 -19"><span class='ocrx_word' id='word_1_319' title='bbox 171 3495 224 3571; x_wconf 90' lang='lat' dir='ltr'>qui</span> <span class='ocrx_word' id='word_1_320' title='bbox 244 3491 371 3572; x_wconf 76' lang='lat' dir='ltr'>ridetur,</span> <span class='ocrx_word' id='word_1_321' title='bbox 394 3492 478 3551; x_wconf 88' lang='lat' dir='ltr'>etin</span> <span class='ocrx_word' id='word_1_322' title='bbox 501 3506 544 3570; x_wconf 89' lang='lat' dir='ltr'>ea,</span> <span class='ocrx_word' id='word_1_323' title='bbox 568 3508 642 3568; x_wconf 90' lang='lat' dir='ltr'>quae</span> <span class='ocrx_word' id='word_1_324' title='bbox 665 3497 711 3551; x_wconf 90' lang='lat' dir='ltr'>est</span> <span class='ocrx_word' id='word_1_325' title='bbox 734 3489 771 3549; x_wconf 89' lang='lat' dir='ltr'>de</span> <span class='ocrx_word' id='word_1_326' title='bbox 792 3490 893 3550; x_wconf 85' lang='lat' dir='ltr'>furore</span> <span class='ocrx_word' id='word_1_327' title='bbox 912 3492 1082 3551; x_wconf 89' lang='lat' dir='ltr'>amantium.</span> <span class='ocrx_word' id='word_1_328' title='bbox 1119 3493 1181 3551; x_wconf 90' lang='lat' dir='ltr'>sia</span> 
     </span>
    </p>
   </div>
   <div class='ocr_carea' id='block_1_3' title="bbox 0 0 1248 3800">
    <p class='ocr_par' dir='ltr' id='par_1_3' title="bbox 0 0 1248 3800">
     <span class='ocr_line' id='line_1_39' title="bbox 0 0 1248 3800; baseline 0 0"><span class='ocrx_word' id='word_1_329' title='bbox 0 0 1248 3800; x_wconf 95' lang='lat' dir='ltr'> </span> 
     </span>
    </p>
   </div>
  </div>
 </body>
</html>
