2484 3800
580 184 606 238 V
1030 188 1093 253 155

85 348 138 398 865
204 329 263 391 Sed
286 348 382 409 neque
406 329 545 392 Centauri
568 331 701 412 fuerunt,
723 349 778 392 nec
801 339 934 412 tempore
958 336 990 396 in
1012 335 1072 396 ullo

83 428 142 478 876
159 437 227 480 esse
251 420 363 497 queunt
385 418 497 498 duplici
519 425 625 481 natura
648 427 678 480 et
700 437 824 499 corpore
846 420 917 482 bino

159 527 197 569 ex
220 505 393 585 alienigenis
416 506 558 568 membris
581 514 744 589 compacta,
766 514 897 587 potestas
1053 533 1093 575 seo

158 596 230 657 bino
251 594 333 655 illinc
355 597 449 675 partis
472 603 504 656 ut
526 614 585 656 non
607 615 663 675 par
685 613 750 656 esse
776 598 902 674 potissit

159 684 191 744 id
213 682 283 744 licet
304 683 374 743 binc
397 686 530 762 quamvis
552 683 654 745 hebeti
675 702 854 788 cognoscere
878 687 974 747 corde.

84 790 139 840 870
159 772 306 852 principio
330 774 443 833 circum
464 772 560 833 tribus
584 774 658 833 actis
681 774 806 852 impiger
829 775 914 833 annis

83 868 142 920 881
160 861 247 921 floret
260 878 364 941 equus,
381 879 457 939 puer
469 860 541 921 baut
555 879 713 964 quaquam.
727 878 796 921 nam
809 879 897 940 saepe
911 864 1093 924 etiamnunc

160 948 252 1009 ubera
275 966 468 1009 mammarum
491 952 522 1009 in
546 951 657 1010 somnis
680 948 816 1010 lactantia
839 957 973 1028 quaeret:
1053 972 1093 1014 eea

159 1044 227 1116 post
248 1036 301 1098 ubi
324 1056 433 1115 equum
455 1020 565 1098 validae
588 1039 667 1098 vires
691 1044 785 1098 aetate
809 1046 928 1099 senecta

159 1124 350 1204 membraque
373 1126 513 1187 deficiunt
535 1126 661 1204 fugienti
682 1125 819 1205 languida
841 1128 912 1207 vita,

87 1230 141 1281 875
159 1220 224 1273 tum
246 1214 365 1275 demum
387 1216 489 1293 pueris
511 1232 582 1275 aevo
604 1215 729 1275 florente
752 1217 885 1275 iuventas

84 1311 146 1362 886
160 1303 268 1381 occipit
290 1310 320 1363 et
342 1301 423 1362 molli
446 1305 535 1364 vestit
555 1302 694 1381 lanugine
716 1301 820 1383 malas3

159 1408 198 1451 ne
221 1390 296 1451 lorte
320 1409 353 1451 ex
378 1390 497 1451 homine
520 1398 550 1451 et
572 1393 704 1453 veterino
729 1392 841 1451 semine
864 1409 1008 1470 equorum
1053 1414 1093 1454 eoo

161 1480 283 1539 confieri
305 1478 407 1540 credas
432 1479 593 1540 Centauros
615 1497 703 1558 posse
727 1497 823 1582 neque
847 1497 927 1560 esse,

160 1574 212 1628 aut
233 1565 344 1627 rabidis
368 1558 490 1628 canibus
513 1569 678 1629 succinctas
700 1569 898 1628 semimarinis

87 1673 141 1723 880
160 1654 334 1734 corporibus
357 1654 481 1735 Scyllas,
505 1663 536 1716 et
557 1662 656 1717 cetera
679 1656 715 1717 de
738 1674 847 1735 genere
869 1656 990 1737 borum,

86 1746 237 1804 891inter
260 1761 291 1803 se
314 1761 440 1822 quorum
463 1744 610 1805 discordia
632 1743 765 1805 membra
785 1744 934 1826 videmus3

160 1849 235 1912 quae
256 1849 352 1911 neque
375 1833 536 1893 florescunt
557 1834 669 1912 pariter
693 1851 749 1894 nec
771 1832 878 1893 robora
901 1840 1022 1895 sumunt
1053 1854 1092 1896 eos

114 1989 121 2002 ,
160 1919 333 1999 corporibus
355 1939 451 2000 neque
474 1923 625 2000 proiciunt
646 1928 740 1983 aetate
764 1929 895 2004 senecta,

157 2027 215 2070 nec
239 2008 329 2068 simili
350 2009 463 2070 Venere
485 2009 644 2071 ardescunt
665 2028 721 2070 nec
742 2009 875 2070 moribus
898 2013 966 2071 unis

84 2115 141 2164 885
161 2098 351 2179 conveniunt,
374 2115 470 2177 neque
494 2105 563 2159 sunt
585 2097 688 2158 eadem
710 2097 838 2159 iucunda
859 2116 914 2176 per
936 2105 1027 2159 artus.

84 2192 146 2245 896
161 2186 269 2264 quippe
292 2185 392 2246 videre
414 2185 484 2247 licet
505 2187 700 2264 pinguescere
728 2203 814 2264 saepe
838 2187 934 2246 cicuta

160 2272 331 2351 barbigeras
354 2274 497 2354 pecudes,
522 2272 637 2334 bomini
659 2279 762 2352 quaest
785 2291 851 2334 acre
874 2291 1029 2334 venenum.
1053 2296 1092 2336 ooo

160 2359 287 2439 mique
310 2361 426 2422 tlamma
449 2362 568 2440 quidem
591 2379 659 2422 cum
682 2379 805 2440 corpora
828 2360 906 2421 lulva
927 2360 1046 2422 leonum

160 2456 220 2509 tam
244 2449 336 2510 soleat
357 2457 472 2511 torrere
495 2457 582 2529 atque
604 2468 693 2511 urere
716 2468 804 2529 quam
827 2467 920 2528 genus
944 2467 1030 2510 omne

86 2539 283 2605 tecevisceris
306 2539 450 2599 interris
472 2538 678 2617 quodcumque
702 2544 731 2598 et
754 2539 905 2616 sanguinis
929 2544 1022 2620 extet,

85 2634 144 2686 901
161 2627 213 2705 qui
234 2626 301 2686 fieri
322 2629 431 2708 potuit,
453 2626 564 2706 triplici
586 2645 654 2687 cum
677 2643 800 2704 corpore
824 2633 857 2686 ut
879 2643 950 2707 una,

159 2716 254 2793 prima
276 2713 336 2796 leo,
357 2722 507 2794 postrema
529 2715 632 2795 draco,
654 2714 751 2774 media
773 2717 837 2793 ipsa
860 2712 1014 2775 Chimaera
1053 2737 1093 2779 ooo

160 2820 212 2862 ore
234 2803 312 2862 foras
335 2821 434 2863 aorem
456 2803 541 2863 llaret
563 2802 598 2863 de
622 2821 745 2882 corpore
764 2798 933 2863 flammam?

160 2908 251 2968 quare
274 2893 363 2952 etiam
385 2890 490 2953 tellure
513 2909 588 2952 nova
610 2889 750 2969 caeloque
774 2892 887 2951 recenti

85 2996 141 3046 895
159 2977 228 3038 talia
251 2980 302 3058 qui
325 2980 409 3058 fingit
430 2981 564 3058 potuisse
587 2977 724 3039 animalia
746 2979 841 3059 gigni,

85 3073 144 3126 906
157 3069 245 3127 nixus
268 3069 299 3127 in
320 3066 377 3128 boc
399 3085 459 3128 uno
482 3069 619 3129 novitatis
643 3068 762 3127 nomine
785 3068 881 3147 inani,

158 3155 250 3216 multa
272 3154 341 3216 licet
364 3154 456 3217 simili
477 3158 591 3216 ratione
614 3155 728 3215 effutiat
751 3171 816 3234 ore,
882 3177 886 3184 ·
1054 3178 1094 3219 oro

158 3261 247 3304 aurea
269 3251 333 3305 tum
355 3244 434 3305 dicat
455 3262 510 3322 per
532 3250 627 3304 terras
650 3243 772 3303 flumina
794 3242 880 3322 urlgo

159 3331 292 3411 fluxisse,
316 3339 346 3392 et
368 3334 502 3410 gemmis·
515 3331 621 3393 llorere
646 3330 766 3392 arbusta
788 3336 904 3412 messe,

84 3436 139 3487 ooo
158 3427 208 3480 aut
229 3419 379 3480 hominem
402 3427 484 3482 tanto
507 3419 709 3481 membrorum
733 3438 799 3480 esse
822 3421 932 3498 impete
956 3425 1070 3499 natum,

83 3516 141 3569 911
155 3516 237 3570 trans
260 3511 353 3569 maria
376 3508 433 3570 alta
454 3507 564 3589 pedum
586 3511 671 3571 nisus
695 3514 728 3569 ut
749 3527 860 3588 ponere
883 3513 984 3587 posset
