2484 3800
579 142 605 198 V
1027 143 1092 207 143

159 308 246 351 omne
270 308 363 369 genus
386 290 421 351 de
444 292 612 370 principiis,
635 289 783 351 discordia
805 309 930 370 quorum
1051 313 1091 353 uo

159 377 313 439 intervalla
335 380 397 439 rias
421 397 550 439 conexus
572 379 703 457 pondera
725 379 825 457 plagas

160 484 324 527 concursus
346 473 444 527 motus
466 466 603 527 turbabat
624 466 736 545 proelia
758 469 900 548 miscens,

85 570 141 620 430
160 562 284 634 propter
307 554 460 615 dissimilis
483 555 593 615 formas
615 556 770 634 variasque
793 556 901 634 figuras

86 658 141 708 441
162 644 241 721 quod
263 660 323 704 non
345 645 444 703 omnia
466 644 509 703 sie
531 649 669 721 poterant
691 646 846 704 coniuncta
868 660 987 703 manere

161 749 217 791 nec
239 739 336 792 motus
359 734 438 792 inter
460 749 525 791 sese
548 730 618 791 dare
642 733 851 791 convenientis.
1052 750 1092 792 411

162 819 306 899 diffugere
328 819 397 880 inde
419 818 477 879 loci
499 826 598 897 partes
622 836 760 900 coepere,
781 836 927 899 paresque
1053 841 1093 881 411

162 926 231 968 cum
253 907 373 987 paribus
395 909 478 985 iungi
501 925 550 967 res
574 913 603 967 et
626 906 791 968 discludere
813 906 956 968 mundum

87 1011 143 1060 436
161 995 351 1075 membraque
374 995 504 1056 dividere
528 1002 558 1055 et
579 1013 699 1074 magnas
722 995 879 1075 disponere
901 1002 1013 1075 partes,

88 1099 145 1150 446
161 1084 217 1144 hoc
241 1091 298 1164 est,
321 1102 337 1144 a
359 1086 449 1144 terris
472 1082 562 1144 altum
586 1101 741 1144 secernere
764 1084 890 1164 caelum,
1052 1104 1092 1145 441

164 1180 194 1233 et
217 1190 332 1233 sorsum
354 1190 449 1253 mare,
471 1174 516 1231 uti
538 1177 653 1232 secreto
675 1189 778 1233 umore
801 1178 928 1252 pateret,

164 1278 282 1321 seorsus
305 1262 376 1321 item
398 1262 467 1339 puri
490 1262 656 1338 secretique
679 1260 807 1320 aetheris
830 1262 922 1339 ignes.

207 1348 321 1428 Quippe
344 1351 454 1409 etenim
475 1350 605 1427 primum
626 1351 718 1409 terrai
740 1366 864 1427 corpora
885 1366 1032 1429 quaeque,

89 1454 145 1503 446
162 1444 319 1516 propterea
342 1437 420 1516 quod
443 1443 527 1497 erant
549 1438 647 1515 gravia
670 1442 700 1496 et
721 1436 873 1517 perplexa,
896 1436 1013 1497 coibant
1051 1456 1092 1498 coo

89 1541 144 1591 451
163 1528 195 1585 in
217 1525 314 1586 medio
337 1532 424 1603 atque
447 1527 521 1584 imas
544 1524 698 1603 capiebant
720 1526 817 1585 omnia
840 1524 939 1605 sedes3

164 1631 238 1691 quae
261 1619 369 1692 quanto
392 1615 485 1691 magis
507 1614 586 1673 inter
608 1631 640 1673 se
663 1612 802 1693 perplexa
825 1614 955 1694 coibant,

163 1708 223 1762 tam
246 1704 339 1780 magis
361 1718 535 1780 expressere
558 1720 689 1780 eaquae
712 1720 793 1763 mare
816 1702 914 1763 sidera
937 1700 1030 1762 solem

163 1789 321 1869 lunamque
345 1790 496 1850 efficerent
519 1796 548 1849 et
569 1792 669 1869 magni
690 1792 807 1851 moenia
829 1790 944 1851 mundi:

91 1893 146 1945 446
164 1880 262 1939 omnia
285 1880 364 1939 enim
386 1880 479 1958 magis
501 1878 573 1939 haec
597 1896 613 1938 e
636 1877 750 1940 levibns
773 1885 860 1958 atque
883 1878 1020 1940 rutundis
1054 1897 1094 1940 css
1181 1872 1183 1875 ’

91 1984 148 2034 456
164 1967 326 2028 seminibus
348 1967 498 2045 multoque
521 1964 677 2026 minoribu'
701 1975 770 2028 sunt
791 1967 945 2028 elementis
1013 1997 1015 2001 ·

166 2073 253 2134 quam
275 2055 370 2116 tellus.
406 2055 486 2136 ideo,
508 2072 562 2133 per
585 2073 651 2115 rara
674 2055 829 2136 foramina,
852 2061 949 2115 terrae

164 2143 297 2222 partibus
320 2160 478 2222 erumpens
500 2144 615 2221 primus
638 2161 670 2203 se
694 2142 813 2203 sustulit
835 2143 937 2203 aether

165 2233 273 2310 ignifer
295 2239 325 2292 et
346 2231 454 2292 multos
478 2248 578 2291 secum
600 2229 673 2290 levis
696 2230 818 2291 abstulit
839 2232 929 2311 ignis,

93 2336 145 2386 tao
164 2337 224 2380 non
247 2318 302 2380 alia
325 2319 411 2398 longe
433 2321 547 2380 ratione
570 2337 603 2380 ac
627 2337 713 2398 saepe
736 2319 883 2398 videmus,
1054 2340 1095 2380 coo

92 2421 146 2472 461
165 2427 253 2469 aurea
275 2427 342 2468 eum
365 2409 492 2487 primum
515 2409 689 2486 gemmantis
712 2425 779 2467 rore
801 2424 855 2486 per
876 2404 984 2466 herbas

165 2495 435 2558 matutina'rubent
457 2494 563 2556 radiati
584 2495 697 2555 lumina
720 2495 805 2577 solis,

586 2603 604 2641 *

165 2673 358 2751 exhalantque
380 2670 461 2732 lacus
483 2671 619 2733 nebulam
643 2672 782 2751 lluviiqne
805 2689 963 2751 perennes,

165 2763 287 2840 ipsaque
309 2767 343 2821 ut
365 2760 513 2821 interdum
535 2760 621 2822 tellus
645 2761 757 2822 fumare
779 2760 907 2840 videtur3

93 2865 147 2915 455
166 2851 263 2909 omnia
286 2866 360 2928 quae
384 2866 502 2909 sursum
524 2867 591 2911 cnm
614 2850 820 2929 conciliantur,
843 2850 875 2907 in
897 2846 955 2907 alto
1055 2865 1094 2908 411

93 2949 151 3000 466
165 2955 287 3017 corpore
311 2944 449 2998 concreto
472 2937 632 2998 subtexunt
653 2936 753 2997 nubila
776 2936 897 2998 caelum.

165 3027 209 3086 sic
231 3027 321 3104 igitur
343 3032 406 3086 tum
430 3044 460 3086 se
483 3025 555 3086 levis
579 3044 613 3086 ac
637 3024 773 3085 diffusilis
797 3024 897 3085 aether

166 3132 289 3193 corpore
311 3121 449 3174 concreto
472 3113 671 3174 circumdatus
692 3113 824 3192 undique
844 3109 932 3190 flexit

165 3209 196 3263 et
217 3202 274 3263 late
297 3202 421 3262 dillusus
445 3204 476 3262 in
499 3204 594 3262 omnis
616 3201 749 3280 undique
771 3201 864 3281 partis

93 3307 146 3356 466
165 3293 262 3351 omnia
285 3292 328 3351 sic
351 3290 433 3350 avido
458 3289 611 3370 complexu
635 3297 733 3351 cetera
756 3291 874 3369 saepsit
1056 3309 1096 3348 411

93 3378 242 3440 4711111111
265 3377 385 3439 exordia
408 3385 477 3439 sunt
499 3378 569 3439 solis
592 3378 737 3457 lunaeque
761 3386 875 3459 secuta,

163 3468 381 3544 interutrasque
405 3465 484 3545 globi
507 3486 633 3546 quorum
657 3475 811 3529 vertuntur
832 3468 864 3526 in
887 3467 979 3544 auris;
