2484 3800
5 3172 12 3291 r

548 192 588 247 IV

82 356 120 406 95
133 341 166 399 in
189 345 328 418 promptu
352 341 518 417 quoniamst
540 341 571 399 in
593 341 689 419 prima
712 340 808 400 fronte
831 339 930 401 locata.

61 433 289 506 223praeterea
311 430 451 505 quoniam
472 427 608 488 manibus
631 434 753 489 tractata
776 429 868 506 ligura
1031 449 1071 491 aco

135 517 168 575 in
191 515 323 575 tenebris
345 516 487 594 quaedam
511 518 699 595 cognoscitur
721 534 785 576 esse
809 516 911 576 eadem
934 535 1008 595 quae

63 621 116 670 100
136 606 270 664 cernitur
292 606 323 663 in
345 602 411 664 lnce
433 611 464 664 et
486 603 564 664 claro
587 603 727 685 candore,
750 610 901 665 necessest
941 602 945 611 “

60 708 120 759 231
136 690 285 751 consimili
307 710 394 752 causa
416 698 528 752 tactum
549 694 703 771 visumque
727 694 845 753 moveri.

136 798 216 840 nunc
238 781 328 858 igitur
351 782 378 839 si
400 779 574 858 quadratum
595 787 773 858 temptamus
796 787 826 840 et
847 780 878 840 id
900 798 954 840 nos

136 874 301 929 commoret
322 869 354 927 in
376 867 522 949 tenebris,
544 871 576 927 in
599 866 658 929 luci
682 887 756 947 quae
778 870 888 947 poterit
910 886 958 928 res
1031 890 1071 931 cco

137 956 271 1017 accidere
293 955 330 1015 ad
353 957 482 1034 speciem
505 956 659 1037 quadrata,
681 958 741 1016 nisi
763 959 827 1017 eius
851 952 968 1034 imago?

63 1061 116 1110 105
137 1063 203 1105 esse
228 1046 259 1103 in
281 1043 460 1121 imaginibus
483 1051 662 1124 quapropter
684 1062 771 1105 causa
794 1044 909 1104 videtur

61 1150 119 1201 236
135 1132 281 1194 cernundi
302 1149 398 1209 neque
420 1150 509 1212 posse
532 1134 596 1192 sine
619 1133 666 1193 his
690 1150 737 1193 res
760 1132 819 1192 ulla
841 1132 942 1192 videri.

80 1239 119 1289 96
136 1227 288 1301 postremo
311 1220 440 1299 speculis
462 1223 494 1280 in
516 1239 590 1299 aqua
614 1220 828 1300 splendoreque
851 1222 883 1280 in
906 1222 986 1280 omni

136 1326 339 1388 quaecumque
363 1316 505 1388 apparent
527 1307 613 1368 nobis
637 1307 806 1389 simulacra,
828 1315 992 1389 necessest,

136 1396 373 1476 quandoquidem
396 1397 487 1457 simili
509 1399 607 1476 specie
632 1404 700 1457 sunt
721 1397 852 1476 praedita
875 1415 989 1478 rerum,

62 1509 117 1558 110
136 1505 174 1547 ex
197 1504 232 1545 ea
253 1483 429 1563 imaginibus
451 1488 552 1545 missis
574 1488 737 1547 consistere
759 1504 872 1546 rerum:

62 1597 121 1649 102
136 1582 206 1635 sunt
228 1575 319 1651 igitur
341 1580 446 1634 tenues
469 1574 579 1634 formae
601 1590 703 1634 rerum
726 1573 894 1652 similesque

136 1663 265 1741 siligine,
288 1660 458 1739 singillatim
481 1680 554 1740 quas
577 1680 698 1722 cernere
722 1680 809 1721 nemo

137 1768 206 1812 cum
227 1752 334 1829 possit,
356 1756 456 1810 tamen
478 1749 600 1810 adsiduo
624 1749 787 1829 crebroque
810 1750 931 1829 repulsu

61 1863 119 1914 105
136 1841 264 1899 reiectae
287 1836 415 1898 reddunt
436 1837 624 1918 speculorum
647 1856 683 1898 ex
706 1855 832 1918 aequore
855 1840 963 1921 visum,

63 1953 117 2002 115
136 1946 193 1988 nec
214 1928 328 1987 ratione
351 1926 407 1987 alia
430 1929 541 1987 serrari
563 1944 651 2005 posse
673 1927 822 2008 ridentur,

135 2023 219 2077 tanto
243 2033 331 2093 opere
355 2020 389 2074 nt
411 2013 523 2075 similes
546 2015 707 2075 reddantur
729 2016 835 2093 cuique
858 2015 977 2094 figurae.

63 2130 123 2180 127
182 2103 241 2164 Sed
264 2120 301 2163 ne
324 2102 400 2162 forte
422 2109 510 2180 putes
532 2121 567 2163 ea
589 2103 708 2163 demum
730 2102 792 2162 sola
815 2105 926 2183 vagari,

137 2208 340 2271 quaecumque
363 2189 400 2249 ab
422 2190 512 2251 rebus
535 2208 636 2252 rerum
659 2189 814 2250 simulacra
837 2190 990 2270 recedunt,

137 2287 208 2342 sunt
230 2281 318 2340 etiam
342 2296 415 2357 quae
439 2286 543 2358 sponte
566 2297 618 2339 sua
642 2280 802 2357 gignuntur
824 2279 939 2356 etipsa

66 2394 119 2442 120
138 2369 359 2431 constituuntur
383 2368 414 2426 in
436 2366 492 2427 hoc
515 2365 609 2447 caelo,
633 2367 684 2445 qui
706 2365 815 2426 dicitur
837 2369 895 2425 adr.

66 2475 214 2537 131quae
237 2455 339 2515 multis
361 2455 485 2515 formata
507 2454 602 2514 modis
626 2453 750 2515 sublime
772 2453 907 2513 feruntur

137 2565 195 2608 nec
218 2545 347 2622 speciem
370 2550 483 2603 mutare
507 2561 590 2604 suam
613 2541 755 2621 liquentia
778 2547 894 2601 cessant

138 2643 170 2696 et
192 2636 335 2710 cuiusque
358 2631 438 2691 modi
459 2631 619 2692 formarum
642 2637 756 2690 vertere
780 2632 810 2690 in
833 2647 913 2710 oras,

138 2731 172 2785 nt
195 2721 289 2782 nubes
311 2719 396 2780 lacile
419 2719 568 2779 interdum
590 2736 781 2778 concrescere
804 2720 835 2777 in
858 2716 915 2777 alto

67 2831 120 2882 125
139 2812 291 2873 cernimus
314 2814 344 2867 et
365 2806 468 2868 mnndi
490 2808 620 2885 speciem
642 2805 751 2865 violare
775 2823 922 2885 serenam,

2 2911 5 2917 ’
66 2921 122 2972 136
139 2904 208 2961 aera
229 2895 393 2957 mulcentes
415 2901 510 2954 motu:
533 2913 601 2955 nam
624 2912 711 2972 saepe
735 2892 891 2972 Gigantum

139 3006 192 3050 ora
213 2985 311 3046 volare
334 2983 471 3043 ridentur
493 2990 523 3043 ct
543 2981 679 3042 umbram
702 2982 809 3042 ducere
832 2980 903 3061 late,

139 3073 291 3137 interdum
312 3073 412 3149 magni
432 3078 548 3131 montes
570 3070 726 3150 avolsaque
749 3088 817 3130 saxa

139 3161 290 3225 montibus
313 3163 425 3220 anteire
449 3167 479 3219 et
501 3158 594 3219 solem
616 3158 776 3220 succedere
798 3164 928 3238 praeter,

68 3272 121 3322 130
140 3253 209 3313 inde
232 3249 305 3310 alios
328 3248 445 3308 trahere
469 3255 556 3326 atque
579 3247 719 3308 inducere
743 3245 829 3306 belua
851 3245 974 3305 nimbos.
1033 3269 1073 3308 mo

67 3361 124 3412 16⁶
182 3335 191 3424 [ι
204 3338 360 3399 Praeterea
382 3335 469 3396 modo
493 3353 560 3396 cnm
582 3335 673 3396 fuerit
694 3334 889 3414 liquidissima
913 3331 984 3394 caeli
1034 3354 1072 3395 roo

139 3435 314 3508 tempestas,
335 3443 479 3505 perquam
501 3424 598 3484 subito
621 3424 655 3483 fit
676 3423 794 3484 turbida
816 3422 914 3502 foede,

423 3509 486 3574 102
505 3507 662 3590 sq.==65
681 3530 723 3590 sq.

826 3611 862 3662 7*
