2484 3800
433 184 715 242 Pnonuoorfflrid
991 186 1084 242 XXIII

71 333 142 412 quid
170 335 263 411 igitur
285 339 488 415 expectamus,
517 335 575 394 nisi
598 351 668 394 eum
690 332 840 394 dicturum
862 351 929 395 esse
952 353 987 394 ea
1009 353 1082 412 quo·

73 439 128 500 que
153 439 228 499 quae
252 439 289 484 ex
311 422 483 500 primordiis
506 424 580 501 ipsis
604 428 742 483 contexta
759 422 821 482 sint
838 440 953 484 summa
972 421 1081 484 debere

72 525 137 570 esse
170 506 336 571 tenuitate?
385 528 482 589 neque
514 509 637 570 dubium
668 516 728 591 est,
760 512 833 588 guin
859 509 1017 572 Lucretius
1049 511 1080 572 id

73 597 205 658 scribere
230 599 263 658 in
290 601 387 658 animo
414 597 563 678 babuerit3
591 597 645 660 sed
670 605 830 677 antequam
862 599 1021 681 scriberet,
1047 601 1080 660 in

72 693 203 746 mentem
230 687 258 746 ei
285 689 365 747 venit
388 686 520 747 nondum
543 685 778 747 demonstratum
801 705 877 768 esse,
899 706 988 766 quam
1011 686 1080 749 sub.-

71 773 136 834 tilia
167 781 268 834 essent
299 774 461 854 primordia
493 791 607 835 rerum:
638 775 738 854 doque
766 774 803 836 ab
830 777 967 836 instituto
994 778 1081 855 quasi

72 861 215 922 aberrans
241 864 283 923 ita
308 865 418 943 pergit,
445 870 478 923 ut
504 862 583 922 dicat
608 878 695 924 ιινιιι
714 865 818 925 tomes
838 861 875 924 e'd
894 881 1012 942 ριινριι
1031 861 1081 926 eti

71 948 249 1031 modom
271 958 325 1012 cet
371 950 451 1030 quod
474 953 500 1010 si
523 953 590 1030 quis
612 953 646 1010 in
667 951 714 1011 bis
740 958 770 1012 et
793 950 941 1013 similibus
962 959 1081 1030 poetam

71 1038 224 1100 accusabit
245 1039 456 1120 neglegentiae,
478 1041 520 1100 ita
538 1041 567 1100 ei
585 1041 739 1119 assentiar,
761 1046 795 1099 ut
812 1041 956 1100 maiorem
975 1039 1079 1119 culpae

71 1133 188 1206 partem
210 1129 242 1187 in
263 1127 415 1188 doctrinae
438 1134 589 1188 auctorem
611 1127 795 1188 transferam.
834 1145 904 1187 nam
924 1130 997 1206 quin
1014 1130 1079 1207 ipse

71 1215 221 1296 Epicurus
244 1217 275 1275 in
298 1234 333 1277 eo
358 1234 415 1294 quo
438 1215 488 1276 hic
510 1233 582 1276 usus
605 1223 652 1276 est
674 1215 831 1276 Lucretius
852 1214 952 1277 libello
970 1234 1020 1276 res
1038 1218 1079 1278 ita

71 1306 228 1365 miscuerit
255 1304 489 1385 turbaveritque,
520 1321 607 1364 nemo
636 1303 793 1384 dubitabit,
822 1306 875 1383 quii
900 1306 1079 1384 meminerit,

70 1393 144 1472 quid
176 1392 226 1453 ille
257 1394 289 1453 in
320 1391 463 1472 epistulae
495 1391 532 1452 ad
563 1391 671 1452 Herod.
703 1391 788 1452 datae
819 1411 881 1471 par.
907 1388 950 1455 46
976 1400 1009 1454 et
1034 1389 1077 1454 47

17 1491 18 1500 ’
71 1483 186 1543 iecerit.
231 1480 296 1560 ubi,
322 1487 479 1560 postquam
503 1497 568 1541 esse
592 1479 750 1540 simulacra
772 1479 996 1562 demonstrarit,
1018 1499 1079 1542 non

70 1570 107 1630 ad
131 1569 164 1630 id
186 1571 301 1649 transit,
324 1569 402 1648 quod
424 1570 593 1647 proximum
616 1575 688 1649 erat,
707 1575 742 1629 nt
759 1567 857 1648 qualia
876 1571 936 1630 sint
957 1569 1078 1630 demon:

72 1665 161 1738 stret,
198 1656 252 1718 sed
287 1656 324 1717 ab
360 1674 394 1717 ea
429 1675 462 1717 re
499 1655 585 1735 lunge
622 1663 760 1735 evagatus
795 1674 871 1717 noro
902 1657 1029 1737 capitulo
1061 1676 1078 1718 a

17 1755 18 1770 ¹
70 1739 135 1807 act*
149 1741 216 1826 μὴν
238 1739 292 1806 καὶ
316 1761 438 1805 exorsus
462 1744 499 1805 de
522 1751 687 1805 atomorum
709 1746 742 1804 in
757 1747 955 1807 inanimatus
974 1745 1078 1807 celeri-

71 1840 131 1894 tate
159 1831 305 1913 loquitur,
332 1832 368 1893 de
397 1851 454 1912 qua
481 1839 549 1894 ante
576 1835 604 1892 ei
633 1833 791 1895 dicendum
818 1841 896 1916 erat,
922 1841 952 1894 et
983 1853 1018 1894 ea
1044 1853 1077 1895 re

69 1920 206 1983 absoluta
229 1920 265 1981 de
290 1920 516 1983 simulacrorum
538 1928 637 1983 motus
660 1921 810 1983 celeritate
835 1922 940 1983 docere
963 1925 1077 2004 incipit,

70 2011 106 2071 ad
130 2010 162 2070 id
185 2017 391 2087 argumentum
414 2011 604 2071 inscitissime
627 2012 776 2071 transiens
797 2010 844 2071 his
866 2011 978 2072 verbis:
1002 2010 1079 2093 χρή

69 2112 171 2180 σιμον
198 2094 241 2179 δὴ
262 2092 317 2160 recl
340 2103 438 2161 τοῦτο
460 2105 635 2179 κατασχεῖν
657 2096 694 2160 τὸ
718 2106 890 2179 στοιχεῖον.
935 2091 999 2161 eld'
1027 2097 1078 2162 ὅτι

68 2186 110 2249 τὰ
133 2184 256 2249 erdale
278 2194 349 2260 ταῖς
367 2186 561 2267 λεπτότησιν
579 2182 841 2269 ἀνυπερβλήτοις
855 2181 1077 2268 κέχρηται..

69 2278 106 2337 ci.
134 2276 207 2337 diss.
236 2274 325 2337 schol.
353 2293 448 2336 meam
475 2274 537 2335 Hal.
567 2273 652 2337 1882
681 2274 726 2335 ed.
753 2293 780 2353 p.
804 2271 834 2335 5.
880 2276 933 2335 sed
959 2294 1019 2336 non
1046 2278 1078 2336 in

69 2364 201 2445 Epicuro
230 2363 314 2443 culpa
341 2371 387 2424 est
413 2366 444 2424 in
471 2362 489 2424 l.
512 2363 548 2423 VI
574 2359 913 2443 vv.570-577,uu1:
940 2364 987 2423 est
1004 2359 1080 2425 boec

93 2468 264 2531 ..guoque
290 2454 383 2514 ait..
399 2468 576 2513 νινε.ιι.
592 2453 737 2532 Ι,νιιιιιιε
754 2447 860 2512 abd..
875 2447 1077 2530 depes...

65 2540 178 2621 fremit
198 2542 321 2601 cote..
336 2542 448 2621 ,post
472 2537 570 2601 ιἰιιιιιι
596 2499 691 2602 leram
711 2536 813 2601 ca'e..
827 2538 1030 2620 ,ινινιριίιιν
1049 2544 1080 2604 at

92 2626 364 2691 ..manain
380 2627 480 2708 ,uhi
507 2627 558 2687 illo
584 2644 655 2689 νινι
684 2630 820 2689 instituta
848 2631 1077 2691 continuationis

68 2678 165 2779 lorma
189 2716 380 2795 abrumpitur.

160 2805 219 2866 Sed
245 2804 282 2865 de
308 2804 355 2884 his
378 2802 580 2883 neglegentiae
603 2804 755 2866 cuiusdam
781 2822 798 2865 a
820 2807 1079 2883 grammaticorum

68 2896 228 2955 severitate
256 2892 442 2953 abhorrentis
469 2892 656 2953 documentis
683 2895 755 2953 satis
782 2895 841 2953 iam
868 2896 915 2953 sit
960 2894 997 2953 de
1020 2912 1078 2972 qua

68 2982 256 3061 neglegentia
275 2986 427 3059 umunque
445 2998 500 3059 pro
523 2998 577 3041 suo
596 2982 722 3059 quisque
740 2982 858 3059 ingenio
877 2981 1021 3043 iudicabit
1034 3016 1077 3029 -

67 3070 209 3151 equdem
223 3070 317 3129 fateor
335 3068 408 3129 mibi
422 3067 572 3129 nonnullis
591 3068 666 3129 loeis
683 3067 730 3128 rel
743 3076 856 3146 gratam
874 3087 941 3131 esse
955 3104 1007 3151 —-,
1020 3070 1077 3131 hoc

67 3159 191 3239 quidem
217 3174 305 3218 nemo
332 3155 451 3235 negabit
481 3155 601 3217 Lucreti
629 3156 759 3217 editores
785 3174 828 3216 ea.
850 3160 949 3217 omnia
975 3158 1076 3218 ridere

66 3256 157 3328 atque
185 3249 217 3307 in
245 3245 428 3306 emendando
455 3247 586 3305 carmine
611 3246 676 3305 eius
699 3246 745 3305 rei
766 3246 912 3304 rationem
933 3245 1076 3305 habentes

64 3344 154 3398 caute
186 3341 217 3396 et
247 3336 461 3413 circumspecte
494 3350 581 3411 agere
610 3331 748 3392 debuisse
780 3334 813 3391 in
845 3335 1075 3393 constructionis

63 3427 148 3486 vitiis
177 3441 252 3503 quae
280 3420 453 3483 videbantur
475 3420 627 3481 tollendis:
653 3420 685 3480 id
709 3419 787 3499 quod
811 3436 863 3478 eos
885 3437 946 3479 non
968 3420 1075 3480 fecisse

63 3516 126 3574 iam
148 3511 285 3573 vidimus.
