2484 3800
355 784 398 906 r.
421 821 647 907 uuouurr
680 822 804 909 olm

217 974 308 1071 DE
352 974 605 1073 RERUM
649 975 945 1075 NATURA

403 1146 536 1213 omna
556 1146 751 1215 nunnius

126 1432 152 1493 Ε
176 1432 309 1493 tenebris
329 1434 420 1493 tantis
442 1439 502 1493 tam
525 1433 637 1494 clarum
660 1432 800 1494 extollere
823 1433 924 1495 lumen

127 1522 183 1599 qui
203 1523 319 1600 primus
340 1522 464 1599 potuisti
485 1521 647 1585 inlustrans
671 1521 822 1583 commoda
844 1524 934 1603 vitae,

127 1615 160 1669 te
184 1626 306 1690 sequor,
329 1626 346 1667 o
369 1607 472 1670 Graiae
495 1612 592 1688 gentis
614 1609 718 1691 decus,
740 1612 829 1689 inque
853 1614 911 1671 tuis
935 1630 1013 1673 nuno

77 1740 82 1763 5
127 1698 198 1756 ficta
219 1696 329 1775 pedum
349 1714 428 1775 pono
449 1700 563 1775 pressis
585 1700 708 1777 vestigia
731 1700 837 1779 signis,

87 1799 191 1846 onon
213 1786 254 1844 ita
276 1784 409 1845 certandi
430 1786 554 1864 cupidus
577 1804 666 1864 quam
687 1794 809 1866 propter
831 1805 960 1863 amorem

128 1871 209 1952 quod
231 1879 261 1933 te
284 1874 394 1934 imitari
416 1891 500 1934 aveo:
523 1873 594 1953 quid
616 1876 695 1935 enim
719 1874 875 1936 contendat
896 1875 1024 1938 hirundo

128 1962 244 2041 cycnis,
266 1968 317 2020 aut
339 1960 477 2039 quidnam
498 1962 634 2023 tremulis
657 1963 753 2023 lacere
776 1963 898 2024 artubus
920 1965 1007 2026 haedi

128 2047 284 2109 consimile
306 2051 338 2109 in
361 2068 449 2110 cursu
471 2052 587 2129 possint
608 2056 639 2110 et
660 2051 745 2110 fortis
769 2053 838 2128 equi
860 2048 927 2112 vis?

127 2143 176 2217 tu,
198 2143 295 2218 pater,
318 2155 351 2197 es
373 2156 473 2198 rerum
495 2141 644 2218 inventor,
666 2144 699 2199 tu
720 2140 815 2216 patria
835 2139 921 2200 nobis

71 2242 108 2290 ιο
129 2225 302 2304 suppeditas
324 2233 493 2304 praecepta,
514 2229 632 2305 tuisque
657 2245 706 2307 ex,
728 2225 852 2307 inclute,
875 2227 998 2308 chartis,

127 2312 268 2374 floriferis
291 2320 324 2373 ut
347 2316 470 2391 apesin
493 2313 615 2375 saltibus
638 2316 736 2374 omnia
758 2312 865 2394 libant,

129 2403 229 2460 omnia
251 2419 306 2461 nos
328 2400 431 2462 itidem
452 2402 639 2480 depascimur
662 2420 750 2463 aurea
773 2401 863 2483 dicta,

129 2507 232 2570 aurea,
254 2495 397 2568 perpetua
418 2508 536 2568 semper
558 2489 732 2568 dignissima
753 2492 819 2550 vita.

128 2595 197 2637 nam
221 2576 309 2637 simul
331 2595 366 2638 ac
387 2579 462 2639 ratio
485 2583 534 2638 tua
557 2580 656 2656 coepit
676 2578 832 2638 vociferari

70 2682 107 2731 15
127 2674 264 2725 naturam
286 2683 399 2747 rerum,
422 2665 519 2726 divina
541 2673 639 2726 mente
664 2674 776 2748 coorta,

84 2769 89 2776 ·
129 2752 287 2831 diffugirmt
308 2755 398 2814 animi
418 2761 563 2836 terrores,
584 2757 701 2815 moenia
723 2754 826 2815 mundi

129 2840 297 2922 discedunt,
320 2846 415 2901 totum
436 2842 520 2902 video
543 2844 706 2921 perinane
729 2844 792 2921 geri
815 2860 872 2902 res.

128 2936 251 3007 apparet
272 2928 372 2990 divum
393 2947 502 2990 numen
525 2930 669 3009 sedesque
693 2933 822 3010 quietae,

128 3034 201 3094 quas
224 3035 320 3095 neque
343 3019 515 3078 concutiunt
536 3021 617 3079 venti
640 3037 695 3079 nec
717 3017 817 3079 nubila
838 3019 948 3080 nimbis

66 3121 107 3170 20
127 3111 288 3183 aspergrmt
310 3123 406 3184 neque
429 3108 481 3166 nix
503 3108 564 3166 acri
587 3113 725 3167 concreta
746 3109 853 3185 pruina

127 3210 199 3252 cana
222 3192 330 3253 cadens
353 3193 442 3254 violat
465 3211 639 3273 semperque
661 3193 813 3256 innubilus
836 3195 938 3256 aether

125 3281 245 3362 integit,
268 3288 297 3341 ct
319 3281 399 3360 large
423 3282 530 3342 diffuso
553 3280 663 3342 lumine
686 3282 798 3344 rident:

125 3370 225 3429 omnia
248 3370 416 3449 suppeditat
438 3388 526 3449 porro
549 3377 667 3452 natura,
689 3389 784 3450 neque
807 3369 866 3432 ulla

124 3476 174 3528 res
196 3458 289 3518 animi
309 3477 413 3538 pacem
436 3457 544 3519 delibat
561 3466 694 3540 tempore
718 3462 749 3520 in
772 3459 841 3521 ullo.

92 3582 95 3587 ·
121 3569 269 3611 laudamus.
283 3568 317 3609 cd.
331 3569 459 3620 Brioger.
596 3576 598 3581 ·
850 3567 872 3616 5.
