2484 3800
174 162 237 227 182
654 158 694 213 VI

174 326 224 376 385
244 315 363 389 pectore
386 307 512 387 perfixa,
535 307 680 367 documen
702 305 875 402 mortalibus
898 324 979 387 acre,

245 404 275 457 et
296 398 395 476 potius
418 394 497 455 nulla
521 394 579 455 sibi
601 396 682 473 turpi
706 386 854 455 conscius
865 396 896 453 in
919 412 951 453 re

244 484 332 544 volvit
320 490 369 543 tur
391 486 422 543 in
443 483 600 543 flammis
591 484 730 542 innoxius
753 484 842 560 inque
864 482 984 561 peditur

174 580 230 631 395
245 571 362 632 turbine
386 570 505 631 caelesti
528 570 625 631 subito
649 576 803 648 correptus
825 576 856 629 et
877 566 961 647 igni?
1144 592 1184 633 eos
1225 603 1226 640 0

245 678 299 721 cur
322 662 409 719 etiam
432 658 495 719 loca
519 657 579 718 sola
601 665 707 736 petunt
729 658 897 736 frustraque
918 654 1075 718 laborant?
1225 645 1226 656 ¹

174 766 227 815 300
246 767 283 809 an
304 755 367 808 tum
390 746 527 807 bracchia
550 753 748 807 consuescunt
769 747 945 825 firmantque
960 742 1119 806 lacertos?

245 839 276 896 iu
299 843 436 913 terraque
458 836 551 913 patris
574 852 628 895 cur
650 833 742 894 telum
763 836 970 913 perpetiuntur
1225 825 1226 830 ’

246 920 391 1003 optundi?
426 941 480 983 cur
502 924 565 1001 ipse
590 924 673 1001 sinit,
695 940 792 1000 neque
814 924 909 1000 parcit
930 923 962 981 in
985 918 1105 982 bostis?

175 1015 277 1073 40410
298 1029 379 1071 mare
403 1029 459 1089 qua
481 1029 570 1089 porro
592 1012 684 1070 mittit
705 1006 841 1070 ratione?
877 1010 948 1088 quid
970 1010 1065 1070 undas
1143 1033 1184 1073 roc
1225 1007 1226 1044 ³

175 1108 230 1159 405
246 1102 342 1178 arguit
365 1106 394 1159 et
416 1098 557 1177 liquidam
579 1097 688 1158 molem
697 1115 887 1190 camposque
910 1094 1060 1158 natantis?
1142 1121 1184 1160 roe
1225 1139 1226 1196 ,

176 1205 227 1255 000
247 1188 374 1266 denique
397 1205 451 1256 cur
472 1204 632 1265 numquam
655 1173 735 1246 caelo
758 1188 828 1245 iacit
849 1184 979 1264 undique
1001 1204 1078 1263 puro
1142 1209 1183 1249 roo
1225 1199 1226 1262 0

176 1283 229 1333 401
245 1276 407 1355 luppiter
399 1294 430 1335 ru
452 1282 547 1335 terras
570 1273 680 1334 frdmen
703 1276 876 1352 sonitusque
899 1270 1072 1352 profundit?

247 1382 284 1425 an
307 1362 394 1423 simul
416 1381 450 1423 ac
472 1362 566 1423 nubes
589 1379 773 1442 successere,
795 1364 859 1440 ipse
882 1363 914 1421 in
936 1379 985 1421 eas
1007 1368 1073 1421 tum

247 1451 411 1533 descendit,
433 1468 525 1554 prope
548 1457 582 1511 ut
603 1450 673 1509 hinc
694 1449 747 1510 teli
769 1449 947 1509 determinet
968 1445 1068 1509 ictus?
1141 1472 1183 1511 ros
1225 1427 1226 1514 l

177 1548 232 1598 400
247 1547 399 1619 praeterea
423 1541 449 1598 si
470 1537 532 1599 vult
554 1556 707 1598 caveamus
729 1536 861 1597 fulminis
878 1538 983 1618 ictum,
1141 1561 1183 1599 coc
1225 1571 1226 1592 0

177 1645 229 1694 400
248 1646 301 1688 cur
324 1626 438 1697 dubnat
459 1626 555 1686 faeere
577 1632 611 1686 ut
632 1627 780 1705 possimus
803 1643 925 1685 cernere
947 1621 1094 1685 missum?

248 1718 275 1775 si
296 1716 499 1792 necopinantis
522 1720 619 1774 autem
642 1712 701 1773 volt
723 1715 890 1792 opprimere
913 1714 987 1793 igni,

249 1821 302 1863 cur
324 1809 405 1862 tonat
428 1820 463 1861 ex
486 1801 535 1861 illa
556 1808 653 1880 parte,
675 1808 709 1862 ut
729 1804 822 1861 vitare
845 1818 999 1881 queamus,

177 1898 231 1949 410
249 1910 301 1952 cur
323 1889 460 1950 tenebras
484 1896 550 1950 ante
573 1896 603 1950 et
626 1890 760 1950 fremitus
783 1896 813 1949 et
834 1907 985 1949 murmura
1006 1884 1127 1950 concil?
1141 1913 1182 1952 uo

248 1987 278 2039 et
300 1978 418 2039 simul'
410 1996 441 2037 rn
463 1977 569 2038 multas
592 1980 685 2080 partis
709 1979 759 2055 qui
782 1977 902 2037 credere
925 1979 1022 2055 possis

178 2064 387 2134 conmittere?
423 2084 460 2127 au
486 2066 542 2127 boc
569 2068 649 2126 ausis
672 2083 831 2144 numquam
854 2064 1031 2124 contendere
1055 2065 1181 2154 factum,

247 2163 281 2217 ut
303 2157 408 2216 fierent
430 2157 506 2215 ictus
529 2171 589 2214 uno
612 2152 667 2214 sub
690 2160 822 2231 tempore
844 2149 967 2231 plures?

248 2249 417 2322 atsaepest
438 2260 561 2304 numero
584 2241 692 2301 factum
716 2242 840 2319 fierique
862 2247 1025 2320 necessest,

170 2339 280 2392 4150
246 2339 280 2393 ut
301 2330 434 2410 pluere
425 2349 457 2390 m
479 2329 580 2390 multis
602 2328 772 2407 regionibus
797 2336 826 2388 00
848 2327 953 2389 cadere
975 2286 1095 2409 imbris,
1141 2351 1183 2392 us
1225 2336 1226 2407 l

248 2419 371 2480 fulmina
394 2420 437 2478 sic
459 2436 518 2478 uno
542 2418 606 2477 lieri
630 2416 683 2477 sub
707 2409 839 2494 tempore
861 2414 959 2475 multa
1225 2428 1226 2491 0

178 2525 229 2573 410
247 2515 396 2587 postremo
420 2524 474 2566 cur
496 2512 595 2566 sancta
618 2504 706 2565 deum
729 2502 851 2564 delubra
874 2521 999 2582 suasque
1225 2494 1226 2523 ¹

249 2596 370 2655 discutit
391 2594 498 2653 infesto
521 2591 686 2671 praeclaras
709 2591 830 2652 fulmine
854 2591 939 2651 sedes

248 2690 278 2744 et
299 2681 374 2742 berle
397 2682 473 2741 facta
495 2681 582 2740 deum
605 2681 714 2758 frangit
736 2679 891 2740 simulacra
913 2679 1033 2756 suisque

177 2777 235 2829 420
247 2771 338 2831 demit
360 2768 537 2848 imaginibus
560 2767 687 2828 violento
710 2767 828 2827 volnere
850 2761 1013 2827 honorem?
1140 2791 1182 2832 no

147 2935 150 2942 ι
248 2859 363 2938 altaque
386 2876 439 2918 eur
461 2856 635 2937 plerumque
657 2857 732 2934 petit
754 2855 830 2934 loca,
852 2854 1035 2932 plurimaque
1059 2856 1126 2914 eius

177 2961 229 3011 415
247 2944 396 3006 montibus
420 2947 451 3004 in
474 2947 596 3004 summis
619 2945 742 3021 vestigia
764 2944 913 3003 cernimus
935 2937 1034 3019 iguis?

257 3081 259 3086 ,
291 3033 374 3104 Quod
398 3039 546 3111 superest,
568 3030 681 3091 facilest
703 3049 739 3091 ex
762 3030 809 3089 bis
832 3047 1010 3108 cognoscere
1032 3028 1140 3112 rebus,

247 3127 395 3199 presteras
419 3119 488 3179 Grai
511 3137 584 3197 quos
608 3118 644 3178 ab
666 3136 699 3179 re
721 3119 947 3198 nominitaruut,

176 3217 230 3267 425
247 3211 279 3267 in
301 3224 382 3265 mare
405 3225 462 3283 qua
484 3208 569 3265 missi
591 3208 710 3265 veniant
731 3207 844 3265 ratione
867 3222 1003 3284 superne.
1140 3231 1183 3271 ιη

247 3311 315 3352 nam
337 3293 370 3352 frt
391 3299 425 3351 ut
446 3292 595 3353 interdum
617 3301 765 3371 tamquam
788 3287 916 3352 demissa
938 3291 1073 3352 columna

177 3397 229 3446 420
248 3383 279 3439 in
302 3395 381 3438 mare
406 3377 440 3437 de
464 3378 543 3439 caelo
567 3379 737 3460 descendat,
762 3398 847 3458 quam
871 3380 945 3440 freta
968 3381 1080 3439 circum

183 3499 187 3510 ι
247 3468 415 3526 fervescunt
436 3468 563 3541 graviter
586 3467 765 3544 spirantibus
788 3469 878 3527 incita
901 3466 1014 3547 flabris,
