2484 3800
131 156 174 219 86
614 157 654 211 ΙΙΙ

200 302 327 382 denique
350 310 384 363 ut
406 305 553 364 intereant
574 321 634 363 una
656 321 723 363 cum
747 320 871 381 corpore
895 309 1024 363 cunctae.

624 408 643 449 s:

201 479 244 538 sic
267 479 379 538 animas
401 478 555 540 hominum
577 478 677 539 dicent
700 481 732 539 in
755 496 879 557 corpora
902 496 1021 557 semper
1098 500 1142 540 aso

201 567 245 626 ire
268 566 408 647 humana,
430 573 529 627 tamen
552 585 692 646 quaeram
715 584 768 627 cur
791 584 808 626 e
832 568 959 645 sapienti

132 669 183 719 reo
201 653 290 714 stulta
313 654 502 735 quemdem,
525 673 580 715 nec
602 654 734 734 prudens
757 656 796 714 sit
818 672 893 735 puer
915 650 1016 715 ullus?

201 734 211 824 ll
223 759 279 803 nec
300 749 361 802 tam
384 743 488 803 doctus
511 761 604 822 equae
625 742 722 822 pullus
741 760 830 821 quam
847 743 933 803 fortis
952 744 1022 821 aquai
1039 742 1094 801 ris.
1111 737 1123 821 [Ι

202 829 328 910 scilicet,
351 833 382 891 in
404 838 508 891 tenero
531 839 718 892 tenerascere
741 848 864 909 corpore
887 838 1018 891 mentem
1100 852 1141 892 ass

202 918 380 997 confugient
417 918 496 998 quod
519 921 545 979 si
567 921 627 979 iam
648 919 695 1000 fit,
717 919 827 979 fateare
850 926 1003 979 necessest

131 1022 186 1073 765
200 1005 353 1067 mortalem
376 1024 441 1067 esse
464 1009 604 1088 animam,
627 1009 764 1086 quoniam
788 1014 900 1070 mutata
921 1025 976 1086 per
999 1013 1081 1067 artus

132 1110 182 1160 765
201 1100 282 1154 tanto
305 1112 395 1173 opere
419 1097 527 1156 amittit
548 1098 638 1156 vitam
662 1113 840 1173 sensumque
862 1096 1002 1173 priorem.

202 1200 296 1261 quove
317 1183 405 1243 modo
427 1185 537 1262 poterit
557 1185 670 1264 pariter
692 1201 759 1244 cum
782 1201 906 1262 corpore
929 1202 1047 1262 quoque

202 1271 372 1331 confirmata
396 1273 528 1349 cupitum
551 1273 655 1331 aetatis
677 1278 798 1350 tangere
821 1271 925 1331 florem
1101 1294 1141 1333 uo

201 1360 245 1419 vis
269 1360 373 1439 animi,
395 1361 455 1419 nisi
477 1361 535 1420 erit
557 1377 680 1420 consors
702 1361 734 1419 in
757 1361 870 1438 origine
892 1355 1011 1437 prima?

132 1462 186 1513 770
200 1446 306 1525 quidve
329 1447 408 1507 foras
431 1446 488 1507 sibi
510 1446 573 1507 vult
594 1447 736 1508 membris
759 1449 840 1507 exire
864 1444 1015 1508 senentis?

132 1551 183 1600 770
202 1552 240 1594 an
262 1536 367 1595 metuit
388 1534 526 1596 conclusa
548 1554 668 1596 manere
691 1537 723 1596 in
745 1553 868 1614 corpore
891 1537 985 1615 putri,

203 1629 233 1682 et
254 1622 360 1682 domus
383 1625 488 1684 aetatis
510 1626 604 1702 spatio
628 1642 665 1683 ne
688 1624 766 1684 fessa
789 1630 903 1685 vetusto

203 1706 328 1770 obruat?
363 1716 394 1770 at
415 1728 475 1771 non
498 1718 568 1771 sunt
589 1710 749 1772 immortali
771 1709 829 1771 ulla
851 1711 970 1792 pericla.
1101 1734 1140 1774 ue

246 1796 378 1876 Denique
401 1797 527 1859 conubia
549 1799 585 1859 ad
608 1799 730 1860 Veneris
753 1807 913 1878 partusque
936 1799 1068 1860 ferarum

132 1900 187 1952 ⁷75
201 1903 267 1946 esse
290 1888 403 1947 animas
425 1893 542 1966 praesto
566 1886 762 1949 deridiculum
785 1905 850 1949 esse
874 1887 1003 1949 videtur:

132 1991 184 2040 'tis
203 1981 358 2053 expectare
380 1974 554 2036 immortalis
576 1976 710 2037 mortalia
732 1975 863 2037 membra

202 2064 358 2123 innumero
381 2081 517 2144 numero,
540 2071 713 2143 certareque
735 2071 1001 2145 praeproperanter

202 2152 281 2211 inter
303 2170 335 2212 se
359 2170 433 2231 quaa
456 2154 552 2231 prima
573 2154 786 2231 potissimaque
808 2154 989 2232 insinuetur3
1101 2175 1141 2216 rso

203 2241 229 2311 si
251 2257 312 2299 non
334 2240 409 2301 forte
432 2242 473 2301 ita
495 2247 565 2300 sunt
588 2242 752 2301 animarum
774 2240 894 2300 foedera
915 2246 1014 2321 pacta,

132 2343 188 2394 730
201 2334 235 2388 nt
257 2346 331 2407 quae
353 2330 449 2409 prima
470 2328 571 2388 volans
594 2328 747 2388 advenerit
768 2330 937 2389 insinuetur

133 2431 185 2482 780
202 2417 310 2497 prima,
333 2435 429 2496 neque
452 2418 531 2477 inter
553 2434 585 2477 se
608 2416 787 2476 contendant
808 2415 921 2476 viribus
943 2415 1046 2476 hilum.

245 2503 378 2582 Denique
400 2506 432 2564 in
454 2505 573 2564 aethere
595 2522 655 2565 non
679 2504 778 2585 arhor,
800 2522 861 2564 non
884 2521 1012 2582 aequore
1035 2504 1114 2564 salso

201 2591 296 2651 nubes
319 2610 384 2652 csse
407 2599 532 2673 queunt,
554 2610 610 2652 nec
632 2594 730 2671 pisces
752 2594 849 2652 vivere
873 2594 904 2652 in
927 2594 1017 2673 arvis,
1099 2614 1140 2655 aas

202 2696 257 2739 nec
280 2698 368 2740 cruor
390 2682 422 2740 in
444 2679 531 2758 lignis
554 2699 651 2759 neque
675 2682 753 2741 saxis
777 2698 866 2741 sucus
889 2682 996 2740 inesse.

132 2781 187 2833 785
201 2774 315 2827 certum
342 2786 375 2828 ac
402 2767 608 2846 dispositumst
629 2767 680 2828 uhi
704 2769 843 2847 quicquid
868 2774 981 2828 crescat
1003 2774 1034 2828 et
1057 2769 1138 2828 insit.

132 2869 183 2920 785
203 2855 246 2913 sic
268 2857 358 2915 animi
380 2861 485 2916 natura
507 2858 611 2935 nequit
634 2858 697 2916 sine
720 2873 844 2934 corpore
867 2857 941 2917 oriri

202 2940 263 3001 sola
285 2960 382 3021 neque
405 2962 422 3003 a
444 2945 543 3004 nervis
566 2950 596 3004 et
619 2946 760 3022 sanguine
784 2943 911 3022 lougiter
934 2961 1007 3004 esse.

201 3028 279 3108 quod
303 3032 329 3090 si
351 3038 452 3109 posset
475 3034 567 3112 enim,
589 3031 682 3091 multo
704 3033 788 3110 prius
810 3033 875 3110 ipsa
897 3033 989 3092 animi
1010 3032 1056 3091 ris
1099 3054 1140 3094 uo

201 3119 232 3177 in
256 3119 350 3195 capite
374 3121 557 3180 autumaris
580 3127 631 3181 aut
653 3122 721 3180 imis
745 3118 873 3180 calcibus
896 3137 963 3181 csse

131 3221 186 3272 790
200 3211 303 3286 posset
325 3212 355 3265 ct
376 3207 490 3267 innasci
512 3210 616 3286 quavis
638 3209 669 3268 in
692 3214 775 3287 parte
799 3207 920 3287 soleret,

129 3308 181 3358 790
200 3292 318 3353 tandem
337 3294 368 3352 in
387 3293 490 3354 eodem
508 3296 628 3355 homine
647 3303 733 3374 atque
753 3297 784 3378 in
802 3295 906 3355 eodem
925 3312 993 3355 vase
1006 3311 1140 3355 manere.

201 3379 279 3458 quod
302 3381 440 3458 quoniam
462 3388 843 3546 nosppg3puoq1pe4ponstat
865 3400 989 3462 corpore
1013 3389 1141 3463 certum,
