2484 3800
13 231 15 302 1

412 189 695 246 PROLEGOMENA.
1007 190 1061 246 XV

134 335 198 397 Iam
220 354 300 416 roro,
324 354 393 396 cum
413 335 485 397 illud
508 337 628 416 quidem
647 343 770 417 constet,
793 336 964 398 Lucretium
983 356 1058 417 opus

47 443 134 485 suum
168 443 229 484 non
260 423 421 484 absolvisse
452 444 548 504 neque
581 425 742 503 perfecisse
775 444 898 504 eamque
929 425 965 486 ob
986 444 1059 487 1111

47 513 139 573 1111111
172 515 205 573 11
237 514 367 572 carmine
399 515 498 573 inesse
530 532 604 592 quae
635 512 843 574 emendaturus
871 517 897 574 si
925 513 1059 575 licuisset

48 603 150 681 luerit,
179 600 330 660 videamus
360 619 433 677 quae
456 601 576 661 Lucreti
603 601 711 662 editori
739 604 771 661 in
798 609 881 662 textu
904 601 1058 663 formando

48 696 112 749 ante
139 690 240 748 omnia
262 686 309 748 lex
333 690 490 749 sancienda
513 691 560 749 sit.
602 708 709 750 censeo
731 707 800 750 vero
823 690 899 750 hanc
918 709 993 771 esse,
1016 697 1058 772 ut,

48 795 122 856 quae
150 783 252 856 poeta,
280 783 313 836 ut
339 775 426 835 bomo
455 784 485 836 et
511 795 599 836 sanus
629 785 658 837 11
680 777 801 856 Epicuri
824 779 975 839 doctrinae
997 798 1058 840 non

47 869 169 944 ignarus
198 872 229 924 et
255 882 315 924 non
342 865 485 924 mediocri
511 865 608 943 pulcri
637 884 727 926 sensu
749 866 901 945 praeditus
925 866 1056 927 scribere

47 955 180 1032 potuerit
206 954 303 1030 primo
328 959 361 1013 ut
384 955 424 1012 ita
447 953 543 1014 dicam
567 955 688 1034 impetu,
711 955 864 1014 immutata
887 953 1056 1032 relinquere

48 1061 105 1102 non
135 1039 287 1121 debuerit,
313 1040 441 1101 seramus
469 1041 558 1119 idque
585 1044 617 1101 in
645 1043 688 1101 eis
716 1044 842 1101 maxime
867 1041 954 1122 locis,
982 1059 1057 1120 quos

49 1150 62 1190 1
96 1129 283 1209 perfectione
325 1131 500 1189 remotiores
539 1146 603 1189 esse
640 1136 790 1208 apparent.
844 1130 923 1208 quod
958 1136 1057 1189 tamen

48 1218 268 1296 Lachmannus,
300 1235 476 1295 quamquam
503 1219 617 1295 primus
646 1219 777 1277 omnium
804 1236 869 1278 rem
896 1220 1056 1298 perspexit,

48 1326 104 1366 non
137 1303 278 1365 omnibus
309 1305 383 1364 locis
415 1307 456 1364 ita
486 1312 521 1364 ut
551 1304 653 1365 debuit
684 1307 818 1366 servavit.
872 1323 932 1365 non
964 1324 1056 1384 pauca

49 1398 124 1454 enim
149 1395 284 1472 mutavit,
308 1411 381 1470 quae
405 1395 437 1452 in
459 1393 590 1471 perfecto
614 1397 743 1454 carmine
762 1394 887 1454 11111111
906 1395 979 1454 ferri
997 1412 1057 1454 non

49 1483 205 1561 debebant,
225 1479 370 1540 debebant
387 1482 420 1540 in
437 1481 619 1560 imperfecto.
657 1485 735 1541 etin
755 1500 788 1542 eo
809 1482 928 1560 quidem
947 1501 1055 1560 genere

49 1589 150 1630 omnes
185 1571 356 1628 erravimus.
406 1568 485 1628 idem
516 1587 586 1628 voro
616 1569 773 1629 nonnullos
800 1588 917 1651 versus,
949 1573 1001 1648 qui
1028 1573 1056 1630 ei

50 1677 63 1717 1
84 1659 215 1738 perfecti
238 1659 375 1716 carminis
398 1656 542 1734 elegantia
562 1656 722 1717 abhorrere
741 1657 924 1739 videbantur,
947 1658 1056 1718 additis

49 1745 199 1807 nonnullis
223 1746 351 1825 optimis,
374 1743 446 1804 alios
469 1763 486 1804 a
507 1744 681 1823 philosopho
704 1745 813 1806 lectore
833 1745 906 1806 alios
924 1765 941 1806 1
959 1764 1055 1824 gram-

48 1837 155 1895 matico
185 1833 270 1892 fictos
298 1851 364 1892 esse
392 1832 555 1914 contendit,
587 1851 683 1913 neque
711 1840 808 1894 tamen
838 1837 871 1894 in
898 1852 932 1894 11
960 1836 1056 1914 suspi-

49 1927 130 1984 cione
157 1940 218 1982 non
241 1928 325 1981 caute
349 1940 380 1981 se
404 1924 496 1999 gessit
520 1928 550 1981 et
572 1922 731 1982 moderate.
776 1923 827 1983 sed
851 1923 886 1983 ab
909 1923 964 1983 hoc
987 1941 1056 2001 pro-

48 2013 115 2072 lecti
139 2010 313 2070 Fridericus
336 2008 525 2069 Neumannus
554 2016 583 2069 et
607 2009 728 2070 Carolus
753 2009 906 2071 Gneissius
929 2010 1056 2089 plurima

47 2116 172 2177 prorsus
195 2100 366 2175 incorrupta
389 2103 422 2157 ut
441 2100 541 2176 spuria
559 2099 719 2179 eiecerunt,
742 2106 844 2158 contra
863 2117 937 2177 quos
956 2099 1056 2177 dispu-

48 2190 104 2248 tavi
124 2205 194 2248 ann.
213 2185 329 2246 Lucret.
349 2203 373 2245 1.
394 2182 478 2247 1876
498 2204 526 2264 p.
547 2182 610 2247 186
631 2204 693 2264 sqq.
714 2192 744 2245 et
764 2183 849 2248 1879
868 2205 896 2264 p.
911 2183 973 2246 201
992 2204 1056 2264 sqq.

48 2274 184 2335 nonnulli
207 2276 239 2333 in
262 2291 296 2332 eo
320 2290 427 2351 genere
451 2275 540 2333 etiam
561 2272 707 2333 Friderici
728 2273 814 2333 Pollii
837 2281 906 2333 sunt
929 2291 1056 2353 errores,

49 2382 121 2441 quos
157 2380 211 2423 suo
240 2379 385 2439 quemque
412 2359 491 2442 loco,
523 2364 549 2421 si
575 2364 651 2421 tanti
677 2361 780 2442 luerit,
811 2379 828 2420 1
855 2379 902 2420 me
929 2378 1056 2420 comme-

49 2453 160 2511 morari
185 2449 305 2509 videbis

138 2537 198 2598 Sed
217 2540 470 2616 operaepretium
490 2555 556 2597 esse
574 2543 646 2615 puto
665 2537 701 2597 de
719 2537 776 2597 boc
795 2554 898 2596 versus
915 2536 951 2595 ad
965 2538 1056 2596 inter-

49 2627 199 2704 polatores
225 2625 375 2685 referendi
401 2624 532 2685 remedio
560 2627 699 2685 universo
728 2624 838 2702 aliquid
861 2624 969 2684 dicere.
1020 2625 1056 2685 de

51 2734 104 2792 qua
134 2732 167 2774 re
193 2712 388 2773 Susemihlius
416 2715 447 2775 in
473 2712 574 2792 philol.
596 2720 617 2772 t.
640 2712 727 2771 XLIV
749 2732 777 2791 p.
802 2709 844 2773 83
873 2714 913 2772 ita
936 2712 1058 2793 iudicat,

49 2811 80 2862 ut
108 2801 189 2862 dicat
220 2819 323 2861 versus
351 2801 387 2861 ab
416 2800 625 2879 interpolatore
653 2801 737 2860 fictos
764 2818 928 2878 perpaucos
956 2808 1056 2860 1111111

49 2890 125 2969 apud
145 2889 329 2949 Lucretium:
352 2890 388 2949 ad
410 2888 645 2967 interpolationis
668 2890 758 2966 igitur
778 2889 978 2966 suspicionem
997 2905 1056 2947 non

50 2978 279 3057 confugiendum
311 2994 376 3037 esse
407 2979 468 3037 nisi
498 2978 552 3058 ita,
584 2978 611 3035 si
642 2975 756 3036 nullum
786 2975 864 3036 aliud
891 2976 1056 3036 remedium

49 3068 176 3147 reperiri
203 3083 290 3145 posse
314 3072 435 3125 constet.
481 3067 530 3125 cui
552 3082 682 3124 summae
707 3065 841 3124 sanitatis
864 3063 974 3124 iudicio
997 3066 1057 3123 iam

49 3174 112 3217 1111
135 3154 277 3216 nonnulla
300 3153 421 3215 subicio.

135 3244 191 3303 Est
208 3246 240 3302 in
258 3242 422 3322 proverbio,
443 3243 469 3301 si
486 3240 638 3300 bominem
656 3239 754 3299 arbori
774 3238 955 3317 suspendere
974 3237 1056 3317 velis,

49 3334 151 3391 restim
184 3329 270 3389 facile
301 3332 435 3390 inveniri.
486 3328 564 3407 quod
597 3327 701 3387 eodem
732 3327 818 3386 modo
851 3326 887 3386 de
915 3343 1055 3384 versuum

13 3436 14 3481 1
50 3416 286 3478 damnationibus
314 3416 373 3477 dici
399 3423 504 3495 potest.
550 3433 618 3475 nam
645 3414 719 3475 nihil
746 3413 861 3474 facilins
885 3420 930 3471 111
959 3429 1056 3491 quam,

13 3548 15 3643 l

13 3648 15 3763 l

50 3510 73 3567 si
92 3523 183 3586 quem
201 3522 319 3565 versum
337 3522 432 3583 neque
451 3504 642 3582 interpretari
659 3520 755 3581 neque
774 3499 931 3560 emendare
947 3501 1056 3576 possis,
