2484 3800
560 152 599 206 IV

63 315 122 366 385
144 300 304 361 desierunt
327 299 414 379 verti,
437 300 485 358 vix
507 307 541 361 ut
563 301 622 359 iam
646 300 766 359 eredere
789 302 905 377 possint

61 404 124 455 401
144 406 209 448 non
232 405 322 466 supra
345 405 412 447 sese
435 405 522 448 ruere
546 390 644 448 omnia
667 395 745 448 tecta
766 390 881 448 minari.

145 479 268 555 iamque
291 474 416 535 rubrum
437 468 574 537 tremulis
597 475 682 536 iubar
704 474 822 554 ignibus
846 478 961 554 erigere
982 474 1040 536 alte

146 583 218 624 eum
241 570 358 641 coeptat
379 569 484 623 natura
507 582 654 644 supraque
678 563 818 624 extollere
840 571 970 644 montes,
1048 584 1088 627 405

148 670 227 731 quos
248 651 305 711 tibi
326 658 390 711 tum
413 669 502 730 supra
526 652 570 712 sol
594 654 704 713 montis
728 670 794 711 esse
813 651 929 712 videtur

64 758 126 807 390
147 741 316 800 comminus
339 741 403 818 ipse
427 758 480 800 suo
504 743 678 818 contingens
701 739 831 800 fervidus
854 741 928 820 igni,

63 845 129 897 406
144 831 197 888 vix
221 827 328 888 absunt
349 826 435 887 nobis
458 830 568 889 missus
591 827 638 888 bis
660 828 741 888 mille
764 829 898 908 sagittae,

147 919 199 976 vix
223 918 312 975 etiam
334 933 440 976 cursus
463 919 640 995 quingentos
664 934 750 995 saepe
773 918 882 975 veruti:

148 1007 229 1065 iuter
251 1022 303 1063 eos
326 1002 476 1082 solemque
499 1006 596 1065 iacent
618 1006 757 1064 immania
779 1006 863 1083 ponti
1048 1028 1088 1067 no

149 1110 280 1171 aequora
302 1091 451 1153 substrata
473 1093 613 1153 aetheriis
636 1092 804 1171 ingentibus
827 1094 901 1171 orm,

69 1200 129 1249 395
150 1182 366 1258 interiectaque
389 1187 458 1241 sunt
481 1188 628 1241 terrarum
650 1180 730 1241 milia
753 1179 857 1259 multa,

69 1286 226 1348 411quae
249 1270 347 1328 variae
370 1270 500 1329 retinent
522 1276 625 1347 gentes
649 1276 678 1329 et
701 1267 796 1328 saeela
818 1268 955 1327 ferarum.

151 1364 182 1417 at
205 1355 356 1417 conlectus
378 1374 470 1435 aquae
494 1356 619 1435 digitum
641 1374 701 1417 non
724 1356 810 1417 altior
832 1374 937 1435 unum,

151 1447 205 1524 qui
227 1443 339 1523 lapides
362 1446 440 1504 inter
463 1446 541 1506 sistit
563 1463 617 1523 per
641 1452 731 1505 strata
753 1446 879 1524 viarum,
1048 1466 1088 1506 415

151 1534 327 1612 despectum
348 1531 472 1611 praebet
494 1532 548 1593 suh
571 1540 667 1593 terras
690 1534 789 1611 inpete
813 1539 907 1612 tanto,

73 1640 132 1689 400
152 1640 168 1681 a
191 1622 282 1681 terris
305 1627 447 1699 quantum
470 1620 543 1681 oaeii
565 1627 646 1698 patet
668 1620 743 1681 altus
766 1620 877 1700 hiatus3

75 1727 134 1777 416
151 1708 253 1771 nubila
276 1708 430 1787 despicere
452 1716 483 1768 et
506 1708 598 1769 solem
620 1715 655 1769 ut
676 1708 793 1769 videare
816 1707 916 1768 videre

579 1815 597 1854 aa

152 1904 277 1965 eor-pora
300 1880 461 1964 †mirande
484 1884 538 1946 suh
560 1891 656 1945 terras
679 1883 776 1946 abdita
800 1883 881 1945 caeli.

153 1975 282 2052 denique
304 1972 357 2034 uhi
379 1976 411 2033 in
433 1973 532 2033 medio
554 1972 640 2033 nobis
664 1991 758 2052 equus
781 1991 850 2032 acer
872 1972 1004 2032 obhaesit
1048 1995 1088 2034 no

152 2063 275 2122 flumine
298 2069 328 2121 et
350 2064 382 2121 in
405 2061 521 2141 rapidas
544 2063 638 2121 amuis
661 2061 848 2140 despeximus
871 2059 977 2140 undas

76 2151 260 2219 nausiantis
283 2151 354 2228 equi
375 2167 483 2228 eorpus
506 2157 706 2210 transversum
729 2148 807 2208 serre
830 2147 946 2207 videtur

76 2241 197 2309 421ris
221 2244 251 2297 et
273 2240 304 2297 in
328 2237 484 2297 adversum
506 2237 616 2298 ssumen
640 2235 815 2297 contrudere
839 2237 958 2315 raptim,

153 2333 185 2387 et
208 2343 395 2404 quocumque
418 2324 518 2386 oeulos
541 2327 712 2386 traiecimus
738 2325 836 2383 omnia
858 2323 931 2382 ferri

153 2422 186 2475 et
207 2414 301 2475 fluere
324 2413 452 2473 adsimili
474 2412 560 2474 nobis
582 2415 697 2474 ratione
719 2411 863 2471 videntur.
1049 2434 1089 2474 us

150 2504 288 2582 porticus
311 2501 426 2580 aequali
449 2503 581 2579 quamvis
603 2509 650 2561 est
672 2501 798 2578 denique
822 2499 912 2558 ductu

77 2610 134 2658 410
154 2598 295 2668 stansque
318 2592 350 2649 in
372 2598 550 2669 perpetuum
571 2588 693 2668 paribus
717 2586 834 2648 suffulta
857 2585 1014 2667 columnis,

78 2697 137 2748 426
153 2679 241 2756 longa
262 2685 362 2738 tamen
384 2677 527 2757 parteab
550 2695 665 2737 summa
688 2694 755 2737 eum
776 2682 838 2735 tota
861 2673 988 2755 videtur,

153 2765 294 2847 paulatim
317 2765 408 2826 trahit
430 2767 547 2843 angusti
569 2765 684 2842 fastigia
707 2765 774 2824 coni

153 2862 233 2916 tecta
255 2853 319 2914 solo
341 2855 467 2932 iungens
490 2860 576 2932 atque
600 2855 697 2912 omnia
720 2853 840 2912 dextera
862 2849 952 2910 laevis
1049 2873 1090 2912 reo

155 2943 250 3003 donee
271 2944 303 3002 iu
327 2941 486 3003 obscurum
509 2943 576 3001 ooni
599 2940 740 3000 conduxit
762 2957 893 2999 acumen.

80 3049 135 3097 415
154 3033 188 3091 in
210 3029 314 3109 pelago
337 3032 435 3090 nautis
458 3048 493 3089 ex
516 3029 604 3089 undis
628 3035 710 3089 ortus
733 3029 765 3086 in
787 3026 875 3087 undis

81 3118 199 3187 431soi
222 3119 256 3178 iit
277 3119 322 3178 uti
343 3117 478 3178 videatur
501 3117 583 3177 obire
607 3124 637 3177 et
659 3114 786 3176 oondere
810 3114 923 3194 inmen3

155 3209 265 3286 quippe
287 3205 341 3267 ubi
363 3205 406 3266 nil
428 3204 506 3265 aliud
529 3207 588 3265 nisi
611 3221 716 3282 aquam
739 3201 911 3280 caelumque
935 3206 1067 3280 tuentur3

154 3313 192 3356 ne
215 3293 321 3355 leviter
344 3293 447 3354 eredas
469 3292 639 3353 labefactari
660 3291 792 3368 undique
816 3307 929 3350 sensus
1051 3307 1091 3347 aas

154 3391 184 3444 at
206 3384 298 3443 maris
320 3384 431 3462 ignaris
454 3383 486 3441 in
508 3387 596 3459 portu
618 3379 721 3440 clauda
743 3379 880 3439 ridentur

82 3489 135 3538 420
153 3472 271 3550 navigia
293 3471 433 3550 aplustris
456 3470 557 3529 fractis
581 3467 709 3529 obnitier
731 3467 835 3528 undae.
