2484 3800
172 152 214 215 16
667 151 680 203 Ι

241 307 271 361 51
294 301 433 377 quoniam
456 317 545 378 supra
568 298 656 359 docui
678 297 721 358 nil
743 316 831 377 posse
855 300 952 359 creari

241 387 278 447 de
301 386 361 448 nilo
384 406 481 465 neque
505 386 583 465 quod
606 389 769 465 genitumst
791 386 828 445 ad
850 384 894 447 nil
916 388 1063 468 revocari,

172 483 226 533 545
241 494 308 535 5555
330 475 480 535 inmortali
501 474 662 555 primordia
686 493 809 553 corpore
833 473 955 555 debent,

172 562 448 643 510515551515115
471 581 604 642 quaeque
628 581 766 643 supremo
788 569 922 642 tempore
945 566 1074 645 possint,

242 654 381 713 materies
403 659 437 712 ut
459 650 628 730 subpeditet
650 649 740 712 rebus
762 652 942 730 reparandis,

243 747 313 800 sunt
334 742 425 819 igitur
448 739 541 799 solida
563 739 726 819 primordia
749 739 926 821 simplicate,

242 847 299 889 1155
319 831 433 888 15115115
457 835 569 906 queunt
592 827 648 887 alia
671 835 785 888 servata
807 846 862 907 per
884 845 986 888 aevom

173 918 417 977 550511501115
440 918 498 977 iam
521 923 654 996 tempore
676 934 726 976 res
749 934 895 995 reparare.

173 1011 224 1063 545
242 1022 332 1085 porro
356 1007 383 1065 si
404 1004 513 1066 nullast
535 1004 705 1083 frangendis
728 1004 843 1064 reddita
866 1005 934 1064 fmis

244 1093 431 1173 corporibus,
454 1100 554 1153 tamen
576 1111 613 1153 ex
636 1098 756 1153 aeterno
780 1100 911 1172 tempore
935 1111 1068 1172 quaeque

242 1200 321 1242 nunc
344 1184 432 1241 etiam
451 1199 592 1260 superare
614 1187 767 1241 necessest
790 1199 914 1260 corpora
936 1179 1042 1263 rebus,

174 1278 229 1329 550
243 1288 317 1349 quae
339 1270 471 1330 nondum
493 1269 610 1329 clueant
632 1267 693 1329 ullo
715 1276 856 1349 temptata
878 1269 1003 1348 periclo:

244 1364 273 1418 at
295 1360 435 1435 quoniam
457 1356 554 1435 fragili
577 1364 681 1417 natura
703 1357 837 1436 praedita
855 1364 1004 1439 constant,

174 1453 225 1503 550
243 1445 395 1524 discrepat
415 1452 569 1506 aeternum
590 1453 708 1525 tempus
730 1448 863 1524 potuisse
886 1464 1006 1507 manere

174 1540 227 1591 503
244 1532 509 1593 innumerabilibus
531 1532 625 1612 plagis
648 1540 749 1594 vexata
772 1552 827 1612 per
849 1552 958 1594 aevom.
1034 1556 1036 1561 ·

174 1628 225 1679 551
243 1621 371 1699 denique
395 1623 421 1682 si
443 1621 553 1681 nullam
575 1622 666 1682 finem
687 1628 791 1682 natura
814 1630 947 1701 parasset

243 1710 413 1787 frangendis
435 1708 538 1791 rebus,
560 1712 619 1769 iam
642 1728 766 1789 corpora
788 1713 922 1771 materiai

243 1816 339 1875 usque
361 1798 480 1858 redacta
501 1799 598 1858 forent
620 1817 691 1858 aevo
714 1799 867 1877 frangente
889 1801 1003 1879 priore,

174 1884 343 1948 5551111111
365 1905 401 1947 ex
424 1885 483 1947 illis
506 1905 522 1946 a
546 1893 627 1948 certo
650 1893 783 1966 tempore
805 1894 907 1966 posset

174 1983 228 2034 555
244 1982 419 2055 conceptum
441 1975 478 2035 ad
501 1993 648 2036 summum
671 1978 775 2036 aetatis
796 1976 958 2055 pervadere
980 1978 1059 2039 finis.
1142 1993 1181 2034 555

243 2081 312 2124 nam
335 2063 450 2143 quidvis
473 2065 562 2124 citius
585 2063 707 2124 dissolri
729 2082 816 2143 posse
839 2065 973 2125 videmus

244 2170 333 2231 quam
354 2171 458 2212 rursus
481 2153 577 2213 refici:
600 2171 658 2230 qua
680 2159 801 2231 propter
824 2152 910 2231 longa
932 2153 992 2214 diei

243 2242 358 2301 infinita
381 2247 462 2301 aetas
484 2247 552 2301 ante
575 2243 634 2301 acti
655 2243 798 2319 temporis
821 2240 917 2302 omnis

174 2334 225 2384 550
244 2328 322 2407 quod
346 2329 484 2407 fregisset
506 2328 601 2389 adbuc
625 2328 794 2390 disturbans
818 2328 1060 2412 dissoluensque,

174 2424 228 2475 550
243 2435 404 2494 numquam
425 2416 538 2477 relicuo
561 2419 693 2496 reparari
715 2424 848 2496 tempore
871 2427 980 2497 posset.
1141 2434 1178 2474 sco

244 2513 273 2566 at
295 2524 387 2585 nunc,
409 2506 563 2585 nimirum,
585 2505 740 2584 frangendi
761 2505 876 2567 reddita
898 2507 966 2566 finis

244 2601 324 2654 certa
346 2599 458 2674 manet,
481 2595 619 2672 quoniam
641 2595 725 2654 refici
747 2611 812 2653 rem
835 2613 981 2673 quamque
1003 2595 1139 2658 ridemus

244 2688 275 2742 51
295 2683 378 2742 1111115
401 2681 490 2742 simul
512 2684 676 2760 generatim
698 2688 831 2760 tempora
853 2682 943 2744 rebus

174 2776 335 2850 uastare,
359 2769 466 2849 quibus
488 2771 604 2849 possint
627 2772 690 2830 aevi
712 2772 883 2848 contingere
906 2771 1018 2832 florem.
1112 2846 1114 2850 Ι

174 2864 229 2916 555
288 2852 297 2939 {f
310 2857 375 2918 Huc
398 2857 511 2919 accedit
533 2860 590 2938 uti,
613 2857 792 2924 solidissima
814 2861 949 2920 materiai
1140 2877 1175 2917 555

244 2964 368 3025 corpora
391 2965 458 3008 cum
481 2953 629 3027 constant,
651 2949 767 3026 possint
789 2954 888 3032 tamen
911 2949 1009 3008 omnia
1031 2949 1118 3010 reddi

243 3034 343 3095 mollia
366 3054 441 3115 quae
463 3037 551 3117 fiunt,
573 3041 637 3116 aer,
661 3053 749 3116 aqua,
771 3042 863 3116 terra,
886 3054 1022 3117 15115155,

244 3141 303 3202 quo
325 3130 410 3202 pacto
432 3125 517 3205 fiant,
540 3130 570 3183 et
592 3142 650 3202 qua
672 3126 701 3184 vi
724 3142 858 3201 quaeque
881 3132 1034 3205 gerantur,

174 3220 225 3269 510
244 3212 405 3272 admixtum
428 3213 567 3291 quoniam
589 3212 682 3273 'semel
704 3218 750 3273 est
772 3214 804 3272 iu
827 3212 917 3273 rebus
940 3215 1039 3274 inane:

173 3309 229 3360 570
242 3307 272 3361 51
294 3307 396 3361 5511115
419 3302 445 3360 51
466 3299 566 3361 11151115
589 3304 650 3362 51111
669 3301 831 3381 primordia
853 3320 967 3382 rerum,
1140 3320 1176 3360 515

243 3388 322 3450 unde
346 3394 454 3468 queant
475 3388 564 3449 validi
587 3389 687 3451 silices
709 3390 879 3469 ferrumque
902 3393 998 3452 creari

243 3495 303 3539 non
324 3478 435 3558 poterit
456 3479 531 3537 ratio
554 3479 652 3539 reddi:
677 3497 744 3539 uam
767 3479 900 3541 funditus
924 3482 1020 3542 omnis
