<?xml version="1.0" encoding="UTF-8"?>
<!DOCTYPE html PUBLIC "-//W3C//DTD XHTML 1.0 Transitional//EN"
    "http://www.w3.org/TR/xhtml1/DTD/xhtml1-transitional.dtd">
<html xmlns="http://www.w3.org/1999/xhtml" xml:lang="en" lang="en">
 <head>
  <title>
</title>
<meta http-equiv="Content-Type" content="text/html;charset=utf-8" />
  <meta name='ocr-system' content='tesseract 3.04.00' />
  <meta name='ocr-capabilities' content='ocr_page ocr_carea ocr_par ocr_line ocrx_word'/>
</head>
<body>
  <div class='ocr_page' id='page_1' title='image "./dererumnaturali00briegoog_0260.png"; bbox 0 0 2484 3800; ppageno 0'>
   <div class='ocr_carea' id='block_1_1' title="bbox 145 142 662 208">
    <p class='ocr_par' dir='ltr' id='par_1_1' title="bbox 145 142 662 208">
     <span class='ocr_line' id='line_1_1' title="bbox 145 142 662 208; baseline 0.002 -2"><span class='ocrx_word' id='word_1_1' title='bbox 145 143 208 208; x_wconf 78' lang='lat'><strong>172</strong></span> <span class='ocrx_word' id='word_1_2' title='bbox 622 142 662 197; x_wconf 89' lang='lat' dir='ltr'><strong>VI</strong></span> 
     </span>
    </p>
   </div>
   <div class='ocr_carea' id='block_1_2' title="bbox 94 289 1110 2482">
    <p class='ocr_par' dir='ltr' id='par_1_2' title="bbox 195 289 854 368">
     <span class='ocr_line' id='line_1_2' title="bbox 195 289 854 368; baseline 0 -19"><span class='ocrx_word' id='word_1_3' title='bbox 195 290 334 351; x_wconf 81' lang='lat' dir='ltr'><strong>veridicis</strong></span> <span class='ocrx_word' id='word_1_4' title='bbox 356 291 446 368; x_wconf 79' lang='lat' dir='ltr'><strong>igitur</strong></span> <span class='ocrx_word' id='word_1_5' title='bbox 468 292 603 368; x_wconf 87' lang='lat' dir='ltr'><strong>purgavit</strong></span> <span class='ocrx_word' id='word_1_6' title='bbox 625 297 743 368; x_wconf 81' lang='lat' dir='ltr'>pectora</span> <span class='ocrx_word' id='word_1_7' title='bbox 767 289 854 349; x_wconf 88' lang='lat' dir='ltr'><strong>dictis</strong></span> 
     </span>
    </p>

    <p class='ocr_par' dir='ltr' id='par_1_3' title="bbox 144 377 1097 808">
     <span class='ocr_line' id='line_1_3' title="bbox 144 377 920 457; baseline -0.009 -13"><span class='ocrx_word' id='word_1_8' title='bbox 144 394 178 443; x_wconf 76' lang='lat'><strong>25</strong></span> <span class='ocrx_word' id='word_1_9' title='bbox 197 386 227 439; x_wconf 89' lang='lat' dir='ltr'><strong>et</strong></span> <span class='ocrx_word' id='word_1_10' title='bbox 248 379 338 438; x_wconf 88' lang='lat' dir='ltr'><strong>tinem</strong></span> <span class='ocrx_word' id='word_1_11' title='bbox 360 379 461 438; x_wconf 75' lang='lat' dir='ltr'><strong>statuit</strong></span> <span class='ocrx_word' id='word_1_12' title='bbox 484 377 658 456; x_wconf 82' lang='lat' dir='ltr'><strong>cuppedinis</strong></span> <span class='ocrx_word' id='word_1_13' title='bbox 681 383 768 456; x_wconf 88' lang='lat' dir='ltr'><strong>atque</strong></span> <span class='ocrx_word' id='word_1_14' title='bbox 790 378 920 457; x_wconf 89' lang='lat' dir='ltr'><strong>timoris,</strong></span> 
     </span>
     <span class='ocr_line' id='line_1_4' title="bbox 197 463 1097 546; baseline -0.006 -20"><span class='ocrx_word' id='word_1_15' title='bbox 197 467 389 544; x_wconf 85' lang='lat' dir='ltr'><strong>exposuitque</strong></span> <span class='ocrx_word' id='word_1_16' title='bbox 411 463 523 526; x_wconf 92' lang='lat' dir='ltr'><strong>bonum</strong></span> <span class='ocrx_word' id='word_1_17' title='bbox 546 483 707 546; x_wconf 89' lang='lat' dir='ltr'><strong>summum,</strong></span> <span class='ocrx_word' id='word_1_18' title='bbox 730 483 788 543; x_wconf 90' lang='lat' dir='ltr'><strong>quo</strong></span> <span class='ocrx_word' id='word_1_19' title='bbox 810 465 959 525; x_wconf 81' lang='lat' dir='ltr'><strong>tendimus</strong></span> <span class='ocrx_word' id='word_1_20' title='bbox 982 481 1097 544; x_wconf 89' lang='lat' dir='ltr'><strong>omnes,</strong></span> 
     </span>
     <span class='ocr_line' id='line_1_5' title="bbox 197 553 1046 634; baseline -0.004 -22"><span class='ocrx_word' id='word_1_21' title='bbox 197 553 267 632; x_wconf 93' lang='lat' dir='ltr'><strong>quid</strong></span> <span class='ocrx_word' id='word_1_22' title='bbox 290 553 378 634; x_wconf 84' lang='lat' dir='ltr'><strong>foret,</strong></span> <span class='ocrx_word' id='word_1_23' title='bbox 401 560 488 632; x_wconf 87' lang='lat' dir='ltr'><strong>atque</strong></span> <span class='ocrx_word' id='word_1_24' title='bbox 511 554 588 614; x_wconf 87' lang='lat' dir='ltr'><strong>viam</strong></span> <span class='ocrx_word' id='word_1_25' title='bbox 610 555 796 634; x_wconf 85' lang='lat' dir='ltr'><strong>monstravit,</strong></span> <span class='ocrx_word' id='word_1_26' title='bbox 817 554 935 613; x_wconf 88' lang='lat' dir='ltr'><strong>tramite</strong></span> <span class='ocrx_word' id='word_1_27' title='bbox 957 568 1046 631; x_wconf 84' lang='lat' dir='ltr'><strong>parvo</strong></span> 
     </span>
     <span class='ocr_line' id='line_1_6' title="bbox 196 640 973 720; baseline 0 -19"><span class='ocrx_word' id='word_1_28' title='bbox 196 659 253 719; x_wconf 90' lang='lat' dir='ltr'><strong>qua</strong></span> <span class='ocrx_word' id='word_1_29' title='bbox 275 659 429 719; x_wconf 88' lang='lat' dir='ltr'><strong>possemus</strong></span> <span class='ocrx_word' id='word_1_30' title='bbox 453 641 489 701; x_wconf 91' lang='lat' dir='ltr'><strong>ad</strong></span> <span class='ocrx_word' id='word_1_31' title='bbox 511 641 542 701; x_wconf 93' lang='lat' dir='ltr'><strong>id</strong></span> <span class='ocrx_word' id='word_1_32' title='bbox 565 648 646 701; x_wconf 91' lang='lat' dir='ltr'><strong>recto</strong></span> <span class='ocrx_word' id='word_1_33' title='bbox 669 640 848 701; x_wconf 82' lang='lat' dir='ltr'><strong>contendere</strong></span> <span class='ocrx_word' id='word_1_34' title='bbox 871 658 973 720; x_wconf 90' lang='lat' dir='ltr'><strong>cursu,</strong></span> 
     </span>
     <span class='ocr_line' id='line_1_7' title="bbox 196 727 992 808; baseline -0.003 -19"><span class='ocrx_word' id='word_1_35' title='bbox 196 728 301 807; x_wconf 90' lang='lat' dir='ltr'><strong>quidve</strong></span> <span class='ocrx_word' id='word_1_36' title='bbox 324 728 394 789; x_wconf 93' lang='lat' dir='ltr'><strong>mali</strong></span> <span class='ocrx_word' id='word_1_37' title='bbox 416 729 493 789; x_wconf 82' lang='lat' dir='ltr'><strong>toret</strong></span> <span class='ocrx_word' id='word_1_38' title='bbox 514 731 545 788; x_wconf 93' lang='lat' dir='ltr'><strong>in</strong></span> <span class='ocrx_word' id='word_1_39' title='bbox 567 728 657 789; x_wconf 89' lang='lat' dir='ltr'><strong>rebus</strong></span> <span class='ocrx_word' id='word_1_40' title='bbox 680 727 845 789; x_wconf 87' lang='lat' dir='ltr'><strong>mortalihu&#39;</strong></span> <span class='ocrx_word' id='word_1_41' title='bbox 866 730 992 808; x_wconf 87' lang='lat' dir='ltr'><strong>passim,</strong></span> 
     </span>
    </p>

    <p class='ocr_par' dir='ltr' id='par_1_4' title="bbox 144 815 1011 1246">
     <span class='ocr_line' id='line_1_8' title="bbox 144 815 1011 902; baseline -0.008 -20"><span class='ocrx_word' id='word_1_42' title='bbox 144 833 178 882; x_wconf 80' lang='lat'><strong>30</strong></span> <span class='ocrx_word' id='word_1_43' title='bbox 197 816 276 895; x_wconf 87' lang='lat' dir='ltr'><strong>quod</strong></span> <span class='ocrx_word' id='word_1_44' title='bbox 298 817 384 877; x_wconf 88' lang='lat' dir='ltr'><strong>fieret</strong></span> <span class='ocrx_word' id='word_1_45' title='bbox 404 816 530 877; x_wconf 90' lang='lat' dir='ltr'><strong>naturali</strong></span> <span class='ocrx_word' id='word_1_46' title='bbox 552 818 690 895; x_wconf 88' lang='lat' dir='ltr'><strong>varieque</strong></span> <span class='ocrx_word' id='word_1_47' title='bbox 712 815 823 876; x_wconf 86' lang='lat' dir='ltr'><strong>volaret</strong></span> <span class='ocrx_word' id='word_1_48' title='bbox 887 833 892 841; x_wconf 89' lang='lat'>·</span> <span class='ocrx_word' id='word_1_49' title='bbox 1004 888 1011 902; x_wconf 38' lang='lat'><strong>,</strong></span> 
     </span>
     <span class='ocr_line' id='line_1_9' title="bbox 197 904 946 985; baseline -0.003 -20"><span class='ocrx_word' id='word_1_50' title='bbox 197 923 250 965; x_wconf 91' lang='lat' dir='ltr'><strong>seu</strong></span> <span class='ocrx_word' id='word_1_51' title='bbox 273 922 343 965; x_wconf 89' lang='lat' dir='ltr'><strong>casu</strong></span> <span class='ocrx_word' id='word_1_52' title='bbox 366 923 419 965; x_wconf 89' lang='lat' dir='ltr'><strong>seu</strong></span> <span class='ocrx_word' id='word_1_53' title='bbox 441 907 483 985; x_wconf 90' lang='lat' dir='ltr'><strong>vi,</strong></span> <span class='ocrx_word' id='word_1_54' title='bbox 506 904 584 985; x_wconf 93' lang='lat' dir='ltr'><strong>quod</strong></span> <span class='ocrx_word' id='word_1_55' title='bbox 607 907 651 965; x_wconf 89' lang='lat' dir='ltr'><strong>sic</strong></span> <span class='ocrx_word' id='word_1_56' title='bbox 673 910 778 964; x_wconf 87' lang='lat' dir='ltr'><strong>natura</strong></span> <span class='ocrx_word' id='word_1_57' title='bbox 800 910 946 984; x_wconf 89' lang='lat' dir='ltr'><strong>parasset,</strong></span> 
     </span>
     <span class='ocr_line' id='line_1_10' title="bbox 197 991 936 1072; baseline -0.003 -19"><span class='ocrx_word' id='word_1_58' title='bbox 197 1000 226 1053; x_wconf 87' lang='lat' dir='ltr'><strong>et</strong></span> <span class='ocrx_word' id='word_1_59' title='bbox 248 992 355 1071; x_wconf 90' lang='lat' dir='ltr'><strong>quibus</strong></span> <span class='ocrx_word' id='word_1_60' title='bbox 379 1010 395 1052; x_wconf 90' lang='lat' dir='ltr'><strong>e</strong></span> <span class='ocrx_word' id='word_1_61' title='bbox 417 994 512 1070; x_wconf 91' lang='lat' dir='ltr'><strong>portis</strong></span> <span class='ocrx_word' id='word_1_62' title='bbox 535 994 652 1053; x_wconf 91' lang='lat' dir='ltr'><strong>occurri</strong></span> <span class='ocrx_word' id='word_1_63' title='bbox 674 994 781 1071; x_wconf 89' lang='lat' dir='ltr'><strong>cuique</strong></span> <span class='ocrx_word' id='word_1_64' title='bbox 805 991 936 1072; x_wconf 89' lang='lat' dir='ltr'><strong>deceret,</strong></span> 
     </span>
     <span class='ocr_line' id='line_1_11' title="bbox 196 1079 1007 1159; baseline -0.002 -18"><span class='ocrx_word' id='word_1_65' title='bbox 196 1087 227 1141; x_wconf 89' lang='lat' dir='ltr'><strong>et</strong></span> <span class='ocrx_word' id='word_1_66' title='bbox 248 1098 342 1159; x_wconf 80' lang='lat' dir='ltr'><strong>genus</strong></span> <span class='ocrx_word' id='word_1_67' title='bbox 363 1080 523 1140; x_wconf 92' lang='lat' dir='ltr'><strong>humanum</strong></span> <span class='ocrx_word' id='word_1_68' title='bbox 545 1081 656 1143; x_wconf 82' lang='lat' dir='ltr'><strong>frustra</strong></span> <span class='ocrx_word' id='word_1_69' title='bbox 677 1079 850 1158; x_wconf 87' lang='lat' dir='ltr'><strong>plerumque</strong></span> <span class='ocrx_word' id='word_1_70' title='bbox 873 1079 1007 1158; x_wconf 85' lang='lat' dir='ltr'><strong>probarit</strong></span> 
     </span>
     <span class='ocr_line' id='line_1_12' title="bbox 196 1166 922 1246; baseline 0.001 -20"><span class='ocrx_word' id='word_1_71' title='bbox 196 1166 311 1228; x_wconf 87' lang='lat' dir='ltr'><strong>volvere</strong></span> <span class='ocrx_word' id='word_1_72' title='bbox 335 1186 472 1229; x_wconf 83' lang='lat' dir='ltr'><strong>curarum</strong></span> <span class='ocrx_word' id='word_1_73' title='bbox 494 1170 589 1228; x_wconf 88' lang='lat' dir='ltr'><strong>tristis</strong></span> <span class='ocrx_word' id='word_1_74' title='bbox 611 1170 644 1227; x_wconf 93' lang='lat' dir='ltr'><strong>in</strong></span> <span class='ocrx_word' id='word_1_75' title='bbox 665 1174 785 1246; x_wconf 87' lang='lat' dir='ltr'><strong>pectore</strong></span> <span class='ocrx_word' id='word_1_76' title='bbox 808 1167 922 1228; x_wconf 86' lang='lat' dir='ltr'><strong>fluctus.</strong></span> 
     </span>
    </p>

    <p class='ocr_par' dir='ltr' id='par_1_5' title="bbox 144 1255 1064 1685">
     <span class='ocr_line' id='line_1_13' title="bbox 144 1255 1004 1335; baseline -0.008 -13"><span class='ocrx_word' id='word_1_77' title='bbox 144 1272 179 1321; x_wconf 76' lang='lat'><strong>35</strong></span> <span class='ocrx_word' id='word_1_78' title='bbox 196 1273 264 1316; x_wconf 87' lang='lat' dir='ltr'><strong>nam</strong></span> <span class='ocrx_word' id='word_1_79' title='bbox 287 1255 377 1316; x_wconf 87' lang='lat' dir='ltr'><strong>veluti</strong></span> <span class='ocrx_word' id='word_1_80' title='bbox 399 1257 484 1334; x_wconf 91' lang='lat' dir='ltr'><strong>pueri</strong></span> <span class='ocrx_word' id='word_1_81' title='bbox 507 1255 656 1335; x_wconf 88' lang='lat' dir='ltr'><strong>trepidant</strong></span> <span class='ocrx_word' id='word_1_82' title='bbox 678 1262 765 1334; x_wconf 90' lang='lat' dir='ltr'><strong>atque</strong></span> <span class='ocrx_word' id='word_1_83' title='bbox 789 1257 886 1315; x_wconf 92' lang='lat' dir='ltr'><strong>omnia</strong></span> <span class='ocrx_word' id='word_1_84' title='bbox 908 1257 1004 1315; x_wconf 88' lang='lat' dir='ltr'><strong>caecis</strong></span> 
     </span>
     <span class='ocr_line' id='line_1_14' title="bbox 197 1342 998 1425; baseline -0.002 -21"><span class='ocrx_word' id='word_1_85' title='bbox 197 1342 381 1404; x_wconf 87' lang='lat' dir='ltr'><strong>intenebris</strong></span> <span class='ocrx_word' id='word_1_86' title='bbox 403 1351 551 1425; x_wconf 90' lang='lat' dir='ltr'><strong>metuunt,</strong></span> <span class='ocrx_word' id='word_1_87' title='bbox 574 1346 618 1404; x_wconf 92' lang='lat' dir='ltr'><strong>sic</strong></span> <span class='ocrx_word' id='word_1_88' title='bbox 641 1362 695 1405; x_wconf 89' lang='lat' dir='ltr'><strong>nos</strong></span> <span class='ocrx_word' id='word_1_89' title='bbox 718 1346 750 1403; x_wconf 93' lang='lat' dir='ltr'><strong>in</strong></span> <span class='ocrx_word' id='word_1_90' title='bbox 772 1342 837 1403; x_wconf 89' lang='lat' dir='ltr'><strong>luce</strong></span> <span class='ocrx_word' id='word_1_91' title='bbox 859 1344 998 1403; x_wconf 87' lang='lat' dir='ltr'><strong>timemus</strong></span> 
     </span>
     <span class='ocr_line' id='line_1_15' title="bbox 197 1430 1036 1513; baseline 0 -22"><span class='ocrx_word' id='word_1_92' title='bbox 197 1432 358 1513; x_wconf 87' lang='lat' dir='ltr'><strong>interdum,</strong></span> <span class='ocrx_word' id='word_1_93' title='bbox 380 1430 441 1491; x_wconf 91' lang='lat' dir='ltr'><strong>nilo</strong></span> <span class='ocrx_word' id='word_1_94' title='bbox 465 1450 539 1510; x_wconf 91' lang='lat' dir='ltr'><strong>quac</strong></span> <span class='ocrx_word' id='word_1_95' title='bbox 563 1438 632 1491; x_wconf 94' lang='lat' dir='ltr'><strong>sunt</strong></span> <span class='ocrx_word' id='word_1_96' title='bbox 653 1430 810 1491; x_wconf 91' lang='lat' dir='ltr'><strong>metuenda</strong></span> <span class='ocrx_word' id='word_1_97' title='bbox 832 1433 925 1509; x_wconf 85' lang='lat' dir='ltr'><strong>magis</strong></span> <span class='ocrx_word' id='word_1_98' title='bbox 948 1449 1036 1509; x_wconf 90' lang='lat' dir='ltr'><strong>quam</strong></span> 
     </span>
     <span class='ocr_line' id='line_1_16' title="bbox 198 1518 1064 1600; baseline -0.001 -21"><span class='ocrx_word' id='word_1_99' title='bbox 198 1536 272 1600; x_wconf 92' lang='lat' dir='ltr'><strong>quae</strong></span> <span class='ocrx_word' id='word_1_100' title='bbox 294 1521 381 1598; x_wconf 89' lang='lat' dir='ltr'><strong>pueri</strong></span> <span class='ocrx_word' id='word_1_101' title='bbox 402 1521 433 1579; x_wconf 92' lang='lat' dir='ltr'><strong>in</strong></span> <span class='ocrx_word' id='word_1_102' title='bbox 455 1518 587 1580; x_wconf 88' lang='lat' dir='ltr'><strong>tenebris</strong></span> <span class='ocrx_word' id='word_1_103' title='bbox 610 1522 741 1598; x_wconf 86' lang='lat' dir='ltr'><strong>pavitant</strong></span> <span class='ocrx_word' id='word_1_104' title='bbox 763 1520 935 1598; x_wconf 83' lang='lat' dir='ltr'><strong>finguntque</strong></span> <span class='ocrx_word' id='word_1_105' title='bbox 958 1519 1064 1579; x_wconf 82' lang='lat' dir='ltr'><strong>futura.</strong></span> 
     </span>
     <span class='ocr_line' id='line_1_17' title="bbox 198 1607 1059 1685; baseline 0 -18"><span class='ocrx_word' id='word_1_106' title='bbox 198 1608 276 1667; x_wconf 90' lang='lat' dir='ltr'><strong>hunc</strong></span> <span class='ocrx_word' id='word_1_107' title='bbox 298 1609 389 1685; x_wconf 84' lang='lat' dir='ltr'><strong>igitur</strong></span> <span class='ocrx_word' id='word_1_108' title='bbox 410 1614 555 1667; x_wconf 89' lang='lat' dir='ltr'><strong>terrorem</strong></span> <span class='ocrx_word' id='word_1_109' title='bbox 579 1610 669 1667; x_wconf 90' lang='lat' dir='ltr'><strong>animi</strong></span> <span class='ocrx_word' id='word_1_110' title='bbox 690 1607 886 1685; x_wconf 86' lang='lat' dir='ltr'><strong>tenebrasque</strong></span> <span class='ocrx_word' id='word_1_111' title='bbox 908 1614 1059 1667; x_wconf 87' lang='lat' dir='ltr'><strong>necessest</strong></span> 
     </span>
    </p>

    <p class='ocr_par' dir='ltr' id='par_1_6' title="bbox 145 1694 1028 1875">
     <span class='ocr_line' id='line_1_18' title="bbox 145 1694 808 1760; baseline -0.011 1"><span class='ocrx_word' id='word_1_112' title='bbox 145 1712 180 1760; x_wconf 81' lang='lat'><strong>40</strong></span> <span class='ocrx_word' id='word_1_113' title='bbox 198 1713 258 1755; x_wconf 93' lang='lat' dir='ltr'><strong>non</strong></span> <span class='ocrx_word' id='word_1_114' title='bbox 280 1695 356 1754; x_wconf 92' lang='lat' dir='ltr'><strong>radii</strong></span> <span class='ocrx_word' id='word_1_115' title='bbox 379 1694 449 1755; x_wconf 88' lang='lat' dir='ltr'><strong>solis</strong></span> <span class='ocrx_word' id='word_1_116' title='bbox 471 1713 527 1756; x_wconf 90' lang='lat' dir='ltr'><strong>nec</strong></span> <span class='ocrx_word' id='word_1_117' title='bbox 549 1695 647 1756; x_wconf 86' lang='lat' dir='ltr'><strong>lucida</strong></span> <span class='ocrx_word' id='word_1_118' title='bbox 668 1695 726 1755; x_wconf 91' lang='lat' dir='ltr'><strong>tela</strong></span> <span class='ocrx_word' id='word_1_119' title='bbox 748 1694 808 1755; x_wconf 89' lang='lat' dir='ltr'><strong>diei</strong></span> 
     </span>
     <span class='ocr_line' id='line_1_19' title="bbox 199 1782 1028 1875; baseline -0.002 -32"><span class='ocrx_word' id='word_1_120' title='bbox 199 1783 369 1863; x_wconf 89' lang='lat' dir='ltr'><strong>discutiant,</strong></span> <span class='ocrx_word' id='word_1_121' title='bbox 392 1782 444 1843; x_wconf 86' lang='lat' dir='ltr'><strong>sed</strong></span> <span class='ocrx_word' id='word_1_122' title='bbox 466 1790 587 1843; x_wconf 88' lang='lat' dir='ltr'><strong>naturae</strong></span> <span class='ocrx_word' id='word_1_123' title='bbox 611 1785 726 1862; x_wconf 89' lang='lat' dir='ltr'><strong>species</strong></span> <span class='ocrx_word' id='word_1_124' title='bbox 748 1784 891 1861; x_wconf 89' lang='lat' dir='ltr'><strong>ratioque.</strong></span> <span class='ocrx_word' id='word_1_125' title='bbox 1019 1854 1028 1875; x_wconf 38' lang='grc' dir='ltr'>ι</span> 
     </span>
    </p>

    <p class='ocr_par' dir='ltr' id='par_1_7' title="bbox 142 1870 979 1952">
     <span class='ocr_line' id='line_1_20' title="bbox 142 1870 979 1952; baseline 0 -21"><span class='ocrx_word' id='word_1_126' title='bbox 142 1882 145 1887; x_wconf 88' lang='grc'><strong>’</strong></span> <span class='ocrx_word' id='word_1_127' title='bbox 199 1889 257 1951; x_wconf 94' lang='lat' dir='ltr'><strong>quo</strong></span> <span class='ocrx_word' id='word_1_128' title='bbox 279 1871 372 1949; x_wconf 81' lang='lat' dir='ltr'><strong>magis</strong></span> <span class='ocrx_word' id='word_1_129' title='bbox 394 1872 544 1951; x_wconf 88' lang='lat' dir='ltr'><strong>inceptum</strong></span> <span class='ocrx_word' id='word_1_130' title='bbox 566 1889 687 1952; x_wconf 85' lang='lat' dir='ltr'><strong>pergam</strong></span> <span class='ocrx_word' id='word_1_131' title='bbox 708 1877 863 1950; x_wconf 84' lang='lat' dir='ltr'><strong>pertexere</strong></span> <span class='ocrx_word' id='word_1_132' title='bbox 885 1870 979 1931; x_wconf 90' lang='lat' dir='ltr'><strong>dictis.</strong></span> 
     </span>
    </p>

    <p class='ocr_par' dir='ltr' id='par_1_8' title="bbox 94 1958 1110 2482">
     <span class='ocr_line' id='line_1_21' title="bbox 241 1958 960 2037; baseline 0 -19"><span class='ocrx_word' id='word_1_133' title='bbox 241 1958 279 2019; x_wconf 90' lang='lat' dir='ltr'><strong>Et</strong></span> <span class='ocrx_word' id='word_1_134' title='bbox 301 1961 438 2037; x_wconf 91' lang='lat' dir='ltr'><strong>quoniam</strong></span> <span class='ocrx_word' id='word_1_135' title='bbox 461 1960 548 2021; x_wconf 91' lang='lat' dir='ltr'><strong>docui</strong></span> <span class='ocrx_word' id='word_1_136' title='bbox 570 1960 673 2020; x_wconf 92' lang='lat' dir='ltr'><strong>mundi</strong></span> <span class='ocrx_word' id='word_1_137' title='bbox 695 1959 829 2020; x_wconf 88' lang='lat' dir='ltr'><strong>mortalia</strong></span> <span class='ocrx_word' id='word_1_138' title='bbox 850 1958 960 2037; x_wconf 88' lang='lat' dir='ltr'><strong>templa</strong></span> 
     </span>
     <span class='ocr_line' id='line_1_22' title="bbox 94 2046 914 2128; baseline -0.002 -20"><span class='ocrx_word' id='word_1_139' title='bbox 94 2101 97 2108; x_wconf 91' lang='lat'>.</span> <span class='ocrx_word' id='word_1_140' title='bbox 199 2065 264 2108; x_wconf 88' lang='lat' dir='ltr'><strong>esse</strong></span> <span class='ocrx_word' id='word_1_141' title='bbox 287 2048 317 2108; x_wconf 82' lang='lat' dir='ltr'><strong>ct</strong></span> <span class='ocrx_word' id='word_1_142' title='bbox 336 2050 433 2108; x_wconf 89' lang='lat' dir='ltr'><strong>nativo</strong></span> <span class='ocrx_word' id='word_1_143' title='bbox 456 2050 618 2109; x_wconf 90' lang='lat' dir='ltr'><strong>consistere</strong></span> <span class='ocrx_word' id='word_1_144' title='bbox 642 2065 765 2126; x_wconf 93' lang='lat' dir='ltr'><strong>corpore</strong></span> <span class='ocrx_word' id='word_1_145' title='bbox 787 2046 914 2128; x_wconf 90' lang='lat' dir='ltr'><strong>caelum,</strong></span> 
     </span>
     <span class='ocr_line' id='line_1_23' title="bbox 146 2136 980 2214; baseline -0.008 -13"><span class='ocrx_word' id='word_1_146' title='bbox 146 2151 181 2200; x_wconf 80' lang='lat' dir='ltr'><strong>tc</strong></span> <span class='ocrx_word' id='word_1_147' title='bbox 199 2143 229 2196; x_wconf 90' lang='lat' dir='ltr'><strong>et</strong></span> <span class='ocrx_word' id='word_1_148' title='bbox 251 2153 451 2214; x_wconf 83' lang='lat' dir='ltr'><strong>quaecumque</strong></span> <span class='ocrx_word' id='word_1_149' title='bbox 474 2138 506 2195; x_wconf 94' lang='lat' dir='ltr'><strong>in</strong></span> <span class='ocrx_word' id='word_1_150' title='bbox 528 2154 563 2196; x_wconf 92' lang='lat' dir='ltr'><strong>eo</strong></span> <span class='ocrx_word' id='word_1_151' title='bbox 586 2136 661 2196; x_wconf 87' lang='lat' dir='ltr'><strong>fiunt</strong></span> <span class='ocrx_word' id='word_1_152' title='bbox 683 2136 806 2213; x_wconf 87' lang='lat' dir='ltr'><strong>fierique</strong></span> <span class='ocrx_word' id='word_1_153' title='bbox 829 2142 980 2195; x_wconf 87' lang='lat' dir='ltr'><strong>necessest</strong></span> 
     </span>
     <span class='ocr_line' id='line_1_24' title="bbox 636 2242 655 2281; baseline 0 -8"><span class='ocrx_word' id='word_1_154' title='bbox 636 2242 655 2281; x_wconf 76' lang='grc' dir='ltr'><strong>ιιι</strong></span> 
     </span>
     <span class='ocr_line' id='line_1_25' title="bbox 197 2310 982 2392; baseline -0.001 -22"><span class='ocrx_word' id='word_1_155' title='bbox 197 2310 337 2391; x_wconf 88' lang='lat' dir='ltr'><strong>pleraque</strong></span> <span class='ocrx_word' id='word_1_156' title='bbox 360 2310 496 2392; x_wconf 88' lang='lat' dir='ltr'><strong>dissolui,</strong></span> <span class='ocrx_word' id='word_1_157' title='bbox 519 2329 593 2390; x_wconf 89' lang='lat' dir='ltr'><strong>quac</strong></span> <span class='ocrx_word' id='word_1_158' title='bbox 616 2317 730 2371; x_wconf 88' lang='lat' dir='ltr'><strong>restant</strong></span> <span class='ocrx_word' id='word_1_159' title='bbox 751 2313 872 2390; x_wconf 89' lang='lat' dir='ltr'><strong>percipe</strong></span> <span class='ocrx_word' id='word_1_160' title='bbox 893 2328 982 2390; x_wconf 93' lang='lat' dir='ltr'><strong>porro</strong></span> 
     </span>
     <span class='ocr_line' id='line_1_26' title="bbox 197 2398 1110 2482; baseline -0.001 -23"><span class='ocrx_word' id='word_1_161' title='bbox 197 2399 207 2482; x_wconf 71' lang='lat' dir='ltr'><strong>lt</strong></span> <span class='ocrx_word' id='word_1_162' title='bbox 221 2399 456 2478; x_wconf 89' lang='lat' dir='ltr'><strong>quandoquidem</strong></span> <span class='ocrx_word' id='word_1_163' title='bbox 480 2399 571 2459; x_wconf 87' lang='lat' dir='ltr'><strong>semel</strong></span> <span class='ocrx_word' id='word_1_164' title='bbox 594 2401 740 2477; x_wconf 83' lang='lat' dir='ltr'><strong>insignem</strong></span> <span class='ocrx_word' id='word_1_165' title='bbox 764 2398 963 2459; x_wconf 88' lang='lat' dir='ltr'><strong>conscendere</strong></span> <span class='ocrx_word' id='word_1_166' title='bbox 985 2416 1110 2458; x_wconf 91' lang='lat' dir='ltr'><strong>currum</strong></span> 
     </span>
    </p>
   </div>
   <div class='ocr_carea' id='block_1_3' title="bbox 637 2480 933 2568">
    <p class='ocr_par' dir='ltr' id='par_1_9' title="bbox 637 2480 933 2568">
     <span class='ocr_line' id='line_1_27' title="bbox 637 2480 933 2568; baseline 0 0"><span class='ocrx_word' id='word_1_167' title='bbox 637 2507 656 2544; x_wconf 82' lang='grc'>*</span> <span class='ocrx_word' id='word_1_168' title='bbox 923 2480 933 2568; x_wconf 80' lang='lat' dir='ltr'><strong>i</strong></span> 
     </span>
    </p>
   </div>
   <div class='ocr_carea' id='block_1_4' title="bbox 147 2593 1048 3532">
    <p class='ocr_par' dir='ltr' id='par_1_10' title="bbox 147 2593 1048 3532">
     <span class='ocr_line' id='line_1_28' title="bbox 637 2593 656 2630; baseline 0 -6"><span class='ocrx_word' id='word_1_169' title='bbox 637 2593 656 2630; x_wconf 63' lang='grc' dir='ltr'><em>ὴ</em></span> 
     </span>
     <span class='ocr_line' id='line_1_29' title="bbox 199 2662 1008 2743; baseline 0.001 -22"><span class='ocrx_word' id='word_1_170' title='bbox 199 2668 353 2722; x_wconf 87' lang='lat' dir='ltr'><strong>ventorum</strong></span> <span class='ocrx_word' id='word_1_171' title='bbox 376 2664 515 2743; x_wconf 85' lang='lat' dir='ltr'><strong>existant,</strong></span> <span class='ocrx_word' id='word_1_172' title='bbox 537 2662 691 2742; x_wconf 91' lang='lat' dir='ltr'><strong>placentur</strong></span> <span class='ocrx_word' id='word_1_173' title='bbox 713 2669 747 2723; x_wconf 91' lang='lat' dir='ltr'><strong>ut</strong></span> <span class='ocrx_word' id='word_1_174' title='bbox 768 2664 865 2722; x_wconf 92' lang='lat' dir='ltr'><strong>omnia</strong></span> <span class='ocrx_word' id='word_1_175' title='bbox 888 2680 1008 2722; x_wconf 88' lang='lat' dir='ltr'><strong>rursum</strong></span> 
     </span>
     <span class='ocr_line' id='line_1_30' title="bbox 637 2769 654 2808; baseline 0 0"><span class='ocrx_word' id='word_1_176' title='bbox 637 2769 654 2808; x_wconf 69' lang='lat' dir='ltr'><strong>a</strong></span> 
     </span>
     <span class='ocr_line' id='line_1_31' title="bbox 200 2837 932 2919; baseline -0.001 -21"><span class='ocrx_word' id='word_1_177' title='bbox 200 2856 273 2916; x_wconf 90' lang='lat' dir='ltr'><strong>quae</strong></span> <span class='ocrx_word' id='word_1_178' title='bbox 296 2838 419 2919; x_wconf 80' lang='lat' dir='ltr'><strong>tuerint,</strong></span> <span class='ocrx_word' id='word_1_179' title='bbox 443 2839 503 2898; x_wconf 89' lang='lat' dir='ltr'><strong>sint</strong></span> <span class='ocrx_word' id='word_1_180' title='bbox 523 2837 637 2917; x_wconf 88' lang='lat' dir='ltr'><strong>placato</strong></span> <span class='ocrx_word' id='word_1_181' title='bbox 661 2855 802 2898; x_wconf 88' lang='lat' dir='ltr'><strong>conversa</strong></span> <span class='ocrx_word' id='word_1_182' title='bbox 824 2837 932 2897; x_wconf 82' lang='lat' dir='ltr'><strong>furore.</strong></span> 
     </span>
     <span class='ocr_line' id='line_1_32' title="bbox 637 2945 655 2984; baseline 0 0"><span class='ocrx_word' id='word_1_183' title='bbox 637 2945 655 2984; x_wconf 67' lang='lat' dir='ltr'><strong>s</strong></span> 
     </span>
     <span class='ocr_line' id='line_1_33' title="bbox 147 3012 953 3092; baseline -0.009 -13"><span class='ocrx_word' id='word_1_184' title='bbox 147 3030 180 3079; x_wconf 80' lang='lat'><strong>50</strong></span> <span class='ocrx_word' id='word_1_185' title='bbox 199 3020 297 3073; x_wconf 89' lang='lat' dir='ltr'><strong>cetera</strong></span> <span class='ocrx_word' id='word_1_186' title='bbox 320 3031 394 3092; x_wconf 90' lang='lat' dir='ltr'><strong>quae</strong></span> <span class='ocrx_word' id='word_1_187' title='bbox 418 3014 483 3072; x_wconf 87' lang='lat' dir='ltr'><strong>fieri</strong></span> <span class='ocrx_word' id='word_1_188' title='bbox 505 3015 537 3073; x_wconf 91' lang='lat' dir='ltr'><strong>in</strong></span> <span class='ocrx_word' id='word_1_189' title='bbox 559 3016 648 3074; x_wconf 90' lang='lat' dir='ltr'><strong>terris</strong></span> <span class='ocrx_word' id='word_1_190' title='bbox 671 3012 809 3091; x_wconf 89' lang='lat' dir='ltr'><strong>caeloque</strong></span> <span class='ocrx_word' id='word_1_191' title='bbox 832 3019 953 3073; x_wconf 91' lang='lat' dir='ltr'><strong>tuentur</strong></span> 
     </span>
     <span class='ocr_line' id='line_1_34' title="bbox 198 3100 1017 3181; baseline -0.002 -20"><span class='ocrx_word' id='word_1_192' title='bbox 198 3100 351 3181; x_wconf 85' lang='lat' dir='ltr'><strong>mortales,</strong></span> <span class='ocrx_word' id='word_1_193' title='bbox 374 3100 486 3179; x_wconf 87' lang='lat' dir='ltr'><strong>pavidis</strong></span> <span class='ocrx_word' id='word_1_194' title='bbox 511 3118 577 3161; x_wconf 90' lang='lat' dir='ltr'><strong>cum</strong></span> <span class='ocrx_word' id='word_1_195' title='bbox 599 3101 730 3180; x_wconf 90' lang='lat' dir='ltr'><strong>pendent</strong></span> <span class='ocrx_word' id='word_1_196' title='bbox 752 3100 893 3160; x_wconf 89' lang='lat' dir='ltr'><strong>mentibu&#39;</strong></span> <span class='ocrx_word' id='word_1_197' title='bbox 916 3117 1017 3180; x_wconf 88' lang='lat' dir='ltr'><strong>saepe,</strong></span> 
     </span>
     <span class='ocr_line' id='line_1_35' title="bbox 198 3187 982 3250; baseline -0.003 -2"><span class='ocrx_word' id='word_1_198' title='bbox 198 3189 271 3248; x_wconf 88' lang='lat' dir='ltr'><strong>haec</strong></span> <span class='ocrx_word' id='word_1_199' title='bbox 294 3188 406 3247; x_wconf 85' lang='lat' dir='ltr'><strong>iaciunt</strong></span> <span class='ocrx_word' id='word_1_200' title='bbox 428 3190 540 3248; x_wconf 91' lang='lat' dir='ltr'><strong>animos</strong></span> <span class='ocrx_word' id='word_1_201' title='bbox 563 3189 683 3250; x_wconf 92' lang='lat' dir='ltr'><strong>humilis</strong></span> <span class='ocrx_word' id='word_1_202' title='bbox 705 3188 863 3249; x_wconf 80' lang='lat' dir='ltr'><strong>tormidine</strong></span> <span class='ocrx_word' id='word_1_203' title='bbox 886 3187 982 3247; x_wconf 90' lang='lat' dir='ltr'><strong>divom</strong></span> 
     </span>
     <span class='ocr_line' id='line_1_36' title="bbox 200 3275 1048 3356; baseline 0.001 -21"><span class='ocrx_word' id='word_1_204' title='bbox 200 3275 414 3354; x_wconf 89' lang='lat' dir='ltr'><strong>depressosque</strong></span> <span class='ocrx_word' id='word_1_205' title='bbox 436 3284 576 3354; x_wconf 87' lang='lat' dir='ltr'><strong>premunt</strong></span> <span class='ocrx_word' id='word_1_206' title='bbox 598 3277 634 3337; x_wconf 90' lang='lat' dir='ltr'><strong>ad</strong></span> <span class='ocrx_word' id='word_1_207' title='bbox 658 3284 766 3338; x_wconf 87' lang='lat' dir='ltr'><strong>terram</strong></span> <span class='ocrx_word' id='word_1_208' title='bbox 790 3282 946 3356; x_wconf 85' lang='lat' dir='ltr'><strong>propterea</strong></span> <span class='ocrx_word' id='word_1_209' title='bbox 969 3276 1048 3354; x_wconf 93' lang='lat' dir='ltr'><strong>quod</strong></span> 
     </span>
     <span class='ocr_line' id='line_1_37' title="bbox 199 3364 845 3441; baseline 0.002 -18"><span class='ocrx_word' id='word_1_210' title='bbox 199 3364 365 3441; x_wconf 87' lang='lat' dir='ltr'><strong>ignorantia</strong></span> <span class='ocrx_word' id='word_1_211' title='bbox 388 3380 541 3423; x_wconf 80' lang='lat' dir='ltr'><strong>causarum</strong></span> <span class='ocrx_word' id='word_1_212' title='bbox 565 3366 699 3426; x_wconf 82' lang='lat' dir='ltr'><strong>conferre</strong></span> <span class='ocrx_word' id='word_1_213' title='bbox 722 3365 845 3425; x_wconf 91' lang='lat' dir='ltr'><strong>deorum</strong></span> 
     </span>
     <span class='ocr_line' id='line_1_38' title="bbox 148 3449 980 3532; baseline 0.002 -21"><span class='ocrx_word' id='word_1_214' title='bbox 148 3467 181 3517; x_wconf 79' lang='lat' dir='ltr'><strong>sc</strong></span> <span class='ocrx_word' id='word_1_215' title='bbox 201 3451 280 3528; x_wconf 78' lang='lat' dir='ltr'><strong>cogit</strong></span> <span class='ocrx_word' id='word_1_216' title='bbox 302 3449 338 3509; x_wconf 90' lang='lat' dir='ltr'><strong>ad</strong></span> <span class='ocrx_word' id='word_1_217' title='bbox 361 3451 518 3528; x_wconf 90' lang='lat' dir='ltr'><strong>imperium</strong></span> <span class='ocrx_word' id='word_1_218' title='bbox 541 3469 589 3512; x_wconf 87' lang='lat' dir='ltr'><strong>res</strong></span> <span class='ocrx_word' id='word_1_219' title='bbox 612 3461 643 3514; x_wconf 89' lang='lat' dir='ltr'><strong>et</strong></span> <span class='ocrx_word' id='word_1_220' title='bbox 665 3453 826 3515; x_wconf 87' lang='lat' dir='ltr'><strong>concedere</strong></span> <span class='ocrx_word' id='word_1_221' title='bbox 848 3470 980 3532; x_wconf 82' lang='lat' dir='ltr'><strong>regnum</strong></span> 
     </span>
    </p>
   </div>
   <div class='ocr_carea' id='block_1_5' title="bbox 1135 3481 1166 3522">
    <p class='ocr_par' dir='ltr' id='par_1_11' title="bbox 1135 3481 1166 3522">
     <span class='ocr_line' id='line_1_39' title="bbox 1135 3481 1166 3522; baseline 0 0"><span class='ocrx_word' id='word_1_222' title='bbox 1135 3481 1166 3522; x_wconf 76' lang='lat'><strong>55</strong></span> 
     </span>
    </p>
   </div>
   <div class='ocr_carea' id='block_1_6' title="bbox 0 0 1249 3800">
    <p class='ocr_par' dir='ltr' id='par_1_12' title="bbox 0 0 1249 3800">
     <span class='ocr_line' id='line_1_40' title="bbox 0 0 1249 3800; baseline 0 0"><span class='ocrx_word' id='word_1_223' title='bbox 0 0 1249 3800; x_wconf 95' lang='lat' dir='ltr'><strong> </strong></span> 
     </span>
    </p>
   </div>
  </div>
 </body>
</html>
