2484 3800
67 153 70 158 ’
175 194 238 261 150
659 193 686 247 v

244 343 342 404 omnia
364 341 516 420 dispositis
539 343 633 420 signis
656 348 759 401 ornata
780 348 929 402 notarrmt
1131 364 1165 405 oss

244 438 294 491 001
317 432 385 509 quia
408 432 536 491 crassior
559 437 605 490 est
627 431 717 490 certis
740 430 929 509 inpartibus
951 433 1023 493 anni

666 537 684 575 ¹l¹

175 623 225 674 tot
245 606 300 667 snb
322 608 411 667 terris
434 606 501 667 ideo
524 605 684 666 tremulum
706 604 792 666 iubar
813 605 939 666 haesitat
961 609 1039 686 ignis

174 703 230 753 090
246 713 301 756 000
327 701 483 773 penetrare
506 701 604 774 potest
626 692 710 755 facile
734 700 821 773 atque
844 711 996 773 emergere
1020 695 1055 756 ad
1078 703 1164 756 onus:
1203 746 1206 753 .

245 790 402 863 propterea
424 790 527 843 noctes
549 781 674 843 hiberno
696 787 828 861 tempore
851 781 955 862 longae

245 878 374 951 cessant,
398 871 468 931 dum
491 872 588 931 veniat
610 870 755 931 radiatum
778 872 893 949 insigne
916 871 985 932 diei
1132 895 1166 935 roo

245 961 419 1040 autetiam,
443 961 512 1037 quia
535 960 578 1019 sie
602 958 723 1019 alternis
746 958 880 1037 partibus
904 962 974 1020 anni
1226 959 1229 1070 q

176 1066 226 1115 oso
244 1048 358 1109 tardius
382 1054 411 1107 et
434 1049 522 1108 citius
545 1054 726 1107 oonsuerrmt
748 1047 898 1108 eonllnere
920 1050 1018 1130 ignes,

175 1144 227 1196 701
243 1140 294 1216 qni
317 1137 428 1197 faciunt
451 1134 542 1196 solem
566 1142 646 1195 certa
668 1134 827 1214 desurgere
850 1143 934 1214 parte

245 1232 402 1304 propterea
425 1224 458 1285 ot
480 1226 524 1284 uti
545 1223 700 1283 videantur
723 1223 822 1284 dicere
845 1242 961 1305 verum,

668 1332 685 1367 ιιι

288 1400 370 1461 Luna
393 1407 491 1480 potest
513 1398 584 1459 solis
606 1399 697 1460 radiis
719 1418 861 1479 pereussa
883 1402 978 1461 nitere
1135 1423 1168 1463 ros

246 1492 335 1569 inque
358 1489 422 1549 dies
446 1490 538 1566 magis
562 1485 597 1548 id
617 1487 716 1549 lumen
739 1496 912 1549 convertere
932 1488 1019 1549 nobis

177 1578 283 1643 000011
306 1579 447 1657 speeiem,
471 1582 613 1654 quantum
637 1575 707 1636 solis
730 1576 843 1637 secedit
865 1576 901 1636 ab
923 1575 1001 1656 orbi,

177 1673 232 1725 700
246 1666 374 1743 donique
398 1682 465 1725 eum
488 1671 590 1725 contra
612 1663 700 1744 pleno
722 1663 798 1725 bene
821 1663 932 1725 lumine
955 1664 1038 1725 fulsit

247 1761 334 1832 atque
357 1754 456 1812 oriens
479 1750 577 1813 obitus
601 1754 665 1812 eius
689 1770 778 1832 super
801 1752 878 1813 edita
901 1752 988 1813 vidit:
1055 1774 1060 1781 ·

248 1841 316 1902 inde
339 1842 504 1902 minutatim
528 1846 608 1900 retro
633 1843 716 1919 quasi
739 1840 866 1902 condere
889 1840 989 1903 lumen
1136 1864 1169 1904 no

248 1928 335 1990 debet
358 1932 441 2010 item,
465 1936 573 2008 quanto
596 1931 720 2008 propius
742 1931 802 1990 iam
824 1929 896 1990 solis
918 1929 955 1990 ad
978 1932 1078 2008 ignem
1230 1891 1233 2041 l

179 2034 229 2083 700
248 2017 356 2079 labitur
377 2036 413 2078 ex
437 2016 493 2078 alia
516 2020 668 2096 signorum
691 2025 774 2096 parte
796 2035 851 2097 per
873 2016 988 2099 orbem3

178 2114 282 2167 71101
304 2107 428 2186 faciunt,
451 2105 550 2167 lunam
574 2107 626 2184 qui
649 2106 763 2184 fingunt
786 2124 852 2166 esse
874 2105 947 2185 pilai

248 2194 432 2256 consimilem
456 2212 619 2272 cursusque
642 2196 719 2254 viam
742 2193 797 2254 snb
821 2193 882 2254 sole
905 2201 1015 2255 tenere.

249 2290 294 2344 est
317 2285 404 2343 etiam
428 2301 518 2361 quare
541 2284 662 2362 proprio
685 2300 752 2342 cum
775 2281 886 2342 lumine
908 2284 1003 2360 possit
1140 2304 1175 2346 ns

248 2370 358 2432 volvier
380 2378 410 2431 et
431 2372 527 2431 varias
550 2369 716 2449 splendoris
739 2370 863 2430 reddere
886 2370 1008 2431 formas:

179 2475 229 2524 705
249 2477 357 2538 corpus
380 2460 459 2518 enirn
482 2458 551 2518 lieet
574 2475 639 2518 esse
663 2457 755 2538 aliud,
779 2457 857 2536 qnod
880 2459 975 2519 lertur
996 2465 1027 2518 et
1049 2477 1108 2519 una

178 2555 232 2606 710
247 2547 355 2608 labitur
378 2546 555 2606 omnimodis
578 2564 737 2606 occursans
763 2546 969 2628 efficiensque,

248 2653 303 2696 neo
325 2636 403 2715 potis
426 2641 472 2695 est
494 2636 591 2715 cerni,
615 2636 684 2712 quia
706 2652 824 2694 cassum
846 2634 958 2695 lumine
981 2635 1084 2696 lertur.

249 2725 419 2802 versarique
442 2729 552 2803 potest,
575 2721 680 2800 globus
702 2729 738 2783 ut
758 2725 784 2782 si
807 2722 883 2783 torte
905 2721 977 2802 pilai
1141 2747 1177 2786 vro

249 2810 370 2871 dimidia
393 2829 430 2871 ex
451 2812 529 2890 parti
552 2810 690 2871 candenti
712 2810 822 2870 lumine
846 2812 970 2892 tinctus,

180 2915 231 2965 710
249 2898 451 2977 versandoque
475 2897 595 2976 globum
618 2900 759 2958 variantis
782 2898 870 2959 edere
893 2899 1015 2978 formas,

178 2995 234 3046 721
250 2987 378 3066 donique
402 2994 616 3066 campartem,
640 2994 871 3065 quaecumquest
893 2986 1012 3065 ignibus
1035 2995 1131 3069 aucta,
1225 2997 1228 3004 '

250 3076 287 3135 ad
310 3077 439 3154 speciem
461 3077 550 3135 vertit
572 3073 659 3134 nobis
682 3074 841 3154 oculosque
864 3077 1006 3154 patentis:

250 3162 319 3222 inde
343 3164 511 3223 minutatim
534 3170 615 3223 retro
639 3170 815 3241 contorquet
838 3170 868 3224 et
890 3164 986 3225 aulert
1143 3188 1184 3230 vas

251 3250 404 3311 luciferam
426 3257 541 3328 partem
563 3250 783 3330 glomeraminis
806 3258 894 3331 01000
916 3251 1001 3333 pilai;

181 3355 231 3404 710
250 3345 284 3398 01
307 3335 482 3415 babylonica
505 3338 683 3400 Chaldaeum
706 3340 839 3401 doctrina
862 3341 994 3402 refutans

180 3433 234 3486 726
253 3423 467 3502 astrologorum
490 3434 584 3487 artem
607 3434 709 3489 eontra
732 3431 908 3490 convincere
931 3429 1039 3511 tendit,

252 3512 377 3594 proinde
402 3515 486 3591 quasi
508 3513 539 3573 id
561 3515 627 3574 fieri
650 3525 777 3594 nequeat
799 3518 879 3597 quod
901 3524 1173 3600 pugnatumque,
