2484 3800
590 170 604 224 Ι
1081 176 1099 239 'l

78 319 146 372 205
163 313 206 374 nil
227 317 319 393 igitur
341 316 408 375 fieri
429 315 466 376 de
489 317 549 377 nilo
573 336 661 396 posse
684 319 876 403 fatendumst,
893 273 1036 370 M
1061 337 1101 378 roo

164 406 277 463 semine
305 404 421 481 quando
450 422 523 483 opus
546 413 593 466 est
614 406 717 488 rebus,
746 427 803 487 quo
827 429 961 490 quaeque
984 418 1100 472 creatae

163 493 241 552 aeris
263 494 296 552 in
317 499 436 552 teneras
459 497 575 572 possint
597 496 760 574 proferrier
783 514 877 559 auras.
937 497 940 501 ’
1061 514 1100 554 ror

81 586 147 638 215
208 579 274 640 Huc
297 581 411 641 accedit
433 583 478 642 uti
501 585 628 661 quicque
651 586 683 644 in
706 603 759 645 sua
782 604 905 665 corpora
928 606 1048 648 rursum
1060 602 1086 642 21

82 676 144 725 210
163 667 308 729 dissoluat
329 676 434 730 natura
457 688 553 750 neque
576 671 613 731 ad
635 672 729 732 nilum
752 680 909 742 mteremat
930 677 995 736 ress
1116 644 1209 718 “ff

100 810 110 825 ,
163 774 231 816 nam
255 757 352 835 siquid
375 757 498 820 mortale
522 777 538 820 0
563 763 677 820 cunctis
700 761 835 840 partibus
858 770 950 844 essct,

164 864 201 905 ex
223 845 318 905 oculis
340 863 389 906 res
414 855 692 926 quaequerepente
717 857 818 929 erepta
839 854 965 930 periret:

18 803 243 1114 p&finnus
266 936 295 992 vi
318 933 394 994 foret
416 953 488 996 usus
512 938 606 1018 enim,
631 956 705 1015 quae
727 938 861 1016 partibus
885 941 950 1000 eius
964 936 1108 1078 μή

85 1029 149 1080 220
166 1021 324 1102 dis-omium
347 1041 451 1101 parere
475 1031 505 1084 et
527 1043 621 1100 llffls
645 1024 796 1086 exsolvere
819 1026 960 1104 posset.t
1061 1043 1101 1083 rao

85 1117 144 1166 210
165 1109 243 1189 quod
265 1128 358 1191 nunc,
381 1118 501 1172 aeterno
525 1115 594 1192 quia
616 1120 753 1174 constant
774 1117 887 1175 semine
911 1133 1058 1197 quaeque,

164 1199 259 1259 donec
281 1200 326 1258 ris
349 1199 435 1280 obiit,
459 1219 532 1279 quae
556 1217 604 1262 res
629 1201 796 1262 diverberet
818 1205 879 1263 ictu

165 1294 215 1347 aut
237 1289 318 1346 intus
341 1294 477 1366 penetret
498 1307 554 1367 per
576 1292 676 1350 inania
697 1289 913 1372 dissoluatque,

164 1374 275 1435 nullius
299 1378 422 1437 exitium
443 1380 554 1455 patitur
576 1385 681 1438 natura
704 1378 805 1438 rideri.

89 1471 153 1523 225
166 1471 320 1543 praetcrea
343 1482 418 1542 quae
441 1483 567 1544 cumque
589 1473 736 1528 vetustate
758 1475 874 1528 amovet
896 1475 989 1549 aetas,
1061 1482 1100 1523 225

89 1560 145 1610 220
166 1555 192 1612 si
214 1555 333 1631 penitus
356 1555 483 1631 peremit
505 1572 683 1616 consumens
705 1558 859 1616 materiem
882 1575 1012 1638 omnem,

164 1641 243 1701 unde
267 1640 391 1701 animale
415 1660 507 1720 genus
530 1646 694 1720 generatim
717 1646 749 1703 in
771 1643 882 1704 lumina
904 1647 980 1705 vitae

164 1729 302 1790 redducit
323 1729 434 1810 Venus,
457 1737 508 1790 aut
529 1731 705 1793 redductum
728 1732 848 1793 daedala
870 1733 958 1794 tellus

164 1818 243 1878 unde
268 1816 319 1878 alit
342 1825 428 1896 atquc
452 1826 539 1896 auget
560 1823 723 1897 generatim
745 1821 852 1899 pabula
873 1819 1040 1900 praebens?

91 1914 152 1965 230
165 1908 244 1968 unde
267 1925 348 1967 mare
370 1910 493 1987 ingenui
516 1908 611 1969 fontes
635 1916 814 1988 externaque
838 1910 924 1989 longe
1061 1926 1099 1965 2³⁰

91 2002 146 2051 220
165 1996 288 2057 flumina
311 1992 519 2075 suppeditant?
554 1997 633 2057 unde
657 1998 759 2058 aether
782 1998 879 2059 sidera
901 1996 1019 2077 pascit?

166 2086 265 2145 omnia
288 2087 366 2143 enim
389 2084 489 2165 debet,
512 2086 630 2146 mortali
652 2103 775 2165 corpore
799 2105 873 2164 quae
897 2094 979 2168 sunt,

165 2174 280 2234 infinita
302 2180 383 2233 aetas
407 2191 582 2252 consumpse
606 2181 674 2234 ante
697 2182 760 2234 acta
783 2174 916 2253 diesque.

166 2262 244 2341 quod
267 2263 348 2321 siin
371 2279 406 2320 00
430 2263 524 2339 spatio
547 2268 635 2340 atque
658 2269 725 2322 ante
749 2268 812 2322 acta
835 2269 929 2323 aetate
953 2264 1035 2325 luere

90 2356 182 2411 2300
206 2349 313 2429 quihus
335 2349 409 2409 haec
431 2367 533 2409 rerum
555 2352 692 2411 consistit
714 2368 827 2410 summa
849 2351 972 2431 refecta,
1061 2364 1101 2406 000

90 2446 147 2497 230
166 2438 316 2499 inmortali
339 2444 407 2497 sunt
429 2445 533 2498 natura
555 2439 688 2517 praedita
711 2445 801 2498 certe.

164 2527 242 2588 haud
265 2528 356 2605 igitur
377 2533 503 2605 possunt
525 2527 560 2586 ad
583 2526 677 2587 nilum
700 2544 833 2605 quaeque
856 2528 973 2586 reverti.

166 2615 293 2693 denique
317 2632 366 2673 res
389 2616 485 2674 omnis
508 2614 610 2674 eadem
632 2616 677 2673 ris
700 2632 846 2693 causaque
869 2614 954 2693 volgo

167 2705 334 2782 conticeret,
356 2704 416 2762 nisi
438 2706 577 2763 materies
601 2710 720 2763 aeterna
743 2708 871 2782 teneret,
937 2666 1043 2811 pst
1091 2758 1094 2762 .

91 2798 151 2851 240
166 2795 245 2853 inter
267 2809 299 2851 se
323 2809 402 2851 nexu
424 2793 522 2851 minus
546 2797 597 2851 aut
618 2794 711 2869 magis
735 2790 920 2869 indupedita:
1061 2808 1101 2847 200

91 2889 146 2953 200
165 2888 260 2941 tactus
285 2881 365 2939 enim
386 2878 439 2939 leti
463 2882 534 2939 satis
558 2886 638 2939 esset
660 2897 748 2939 causa
769 2879 916 2960 prolect03

166 2971 288 3049 quippe,
310 2967 364 3027 ubi
385 2966 465 3027 nulla
488 2968 585 3027 forent
607 2974 727 3027 aeterno
751 2985 888 3048 corpore,
912 2985 1038 3046 quorum

95 3070 105 3085 ·'
125 3064 334 3129 Ιὶ,0000002000
356 3058 400 3116 vis
424 3055 545 3115 deberet
567 3054 728 3116 dissolvere
752 3074 893 3135 quaeque.

141 3150 194 3207 'at
216 3164 308 3225 nunc,
331 3147 409 3205 inter
432 3162 465 3204 se
488 3145 557 3222 quia
579 3160 673 3203 nexus
696 3145 912 3222 principiorum
1037 3173 1078 3231 ,p

91 3242 150 3295 245
164 3233 324 3295 dissimiles
348 3240 483 3293 constant
505 3238 700 3310 aeternaquae
723 3234 862 3291 materies
886 3238 944 3312 est,
984 3203 1100 3306 strue
1165 3281 1173 3305 ‚

83 3333 144 3383 240
163 3322 305 3384 incolumi
327 3327 480 3381 remanent
502 3339 551 3381 res
575 3338 712 3400 corpore,
736 3320 806 3380 dum
830 3322 901 3380 satis
977 3323 1001 3380 's

162 3414 207 3473 vis
231 3410 317 3472 obeat
339 3428 393 3489 pro
415 3415 531 3469 textura
555 3411 699 3488 cuiusque
722 3416 849 3487 reperta.
874 3402 936 3485 ῳὸ

160 3501 241 3562 haud
263 3501 354 3578 igitur
376 3498 454 3559 redit
476 3497 512 3557 ad
536 3497 630 3558 nilum
653 3517 701 3558 res
725 3498 797 3579 ulla,
821 3497 873 3558 sed
897 3516 999 3557 omnes
