2484 3800
177 169 243 223 xm
473 237 476 245 .
539 168 821 226 Pnonncounnn.

177 318 240 395 ipse
268 318 314 375 vir
341 334 394 394 pro
422 316 601 376 humanitate
631 335 683 377 sua
710 336 759 377 me
786 318 823 377 de
850 336 886 378 ea
911 336 944 378 re
972 318 1086 398 docuit,
1117 336 1185 377 mea

178 403 267 464 editio
299 407 357 464 iam
390 407 521 483 imprimi
552 412 655 483 coepta
682 412 758 485 crat,
789 407 831 465 ita
857 412 889 465 nt
916 406 953 466 ad
979 407 1186 485 quaestionem

176 510 281 551 novam
303 493 513 552 instituendam
536 499 653 570 tempus
677 511 723 553 mc
749 493 895 554 deiiceret.
937 494 1043 573 quodsi
1061 493 1186 554 Carolus

176 579 285 652 Hosius
304 599 379 658 quae
398 583 510 640 invenit
527 580 729 660 publicaverit,
748 582 826 660 quod
843 581 925 643 brevi
939 583 1072 642 futurum
1086 600 1184 661 spero,

176 668 353 748 videbimus,
382 671 408 728 si
436 671 501 747 quis
530 669 605 728 forte
633 668 746 729 fructus
775 688 811 729 ex
834 672 877 729 eis
900 669 1064 730 redundare
1087 672 1186 748 possit
1213 707 1215 710 <

176 757 212 816 ad
241 774 360 816 carmen
388 756 423 816 de
451 774 551 816 rerum
578 763 683 817 natura
710 756 934 818 emendandum.
980 775 1034 835 ego
1058 757 1183 836 quidem

145 923 146 926 Ἴ
175 863 350 922 persuasum
381 844 475 904 habeo
507 845 584 924 fore,
616 852 649 904 nt
678 844 858 905 Lachmanni
889 848 1034 905 sententia
1065 864 1103 905 ne
1135 846 1184 905 bis

176 932 296 1010 quidem
319 935 402 992 novis
425 934 518 1011 copiis
541 931 740 993 labefactetur.

263 1020 354 1081 Venio
377 1023 435 1080 iam
459 1021 494 1080 ad
518 1039 582 1080 rem
605 1022 760 1101 quandam,
783 1039 857 1100 qnae
882 1023 1041 1081 maximum
1064 1021 1184 1099 pondus

175 1108 284 1169 babere
312 1109 400 1169 debet
426 1111 458 1168 in
480 1107 650 1169 Lucretiani
677 1111 775 1188 operis
799 1127 933 1169 censura.
980 1127 1053 1188 quae
1076 1108 1183 1168 Hiero·
1231 1116 1232 1191 J

175 1215 280 1276 nymus
303 1196 383 1276 dicit,
406 1195 577 1256 Lucretium
599 1196 711 1275 aliquot
732 1196 824 1256 libros
843 1198 998 1276 scripsisse
1016 1215 1070 1275 per
1088 1199 1184 1257 inter-

175 1283 248 1344 valla
279 1286 423 1364 insaniae,
457 1302 530 1362 quos
562 1291 663 1363 postea
694 1283 797 1344 Cicero
830 1284 1041 1365 emendaverit,
1072 1287 1104 1344 in
1136 1288 1183 1345 eis

174 1371 378 1431 Lachmannus
401 1370 476 1431 nihil
499 1374 617 1431 omnino
642 1390 707 1431 esse
731 1375 891 1453 existimat,
915 1373 992 1451 quod
1016 1373 1098 1433 credi
1120 1391 1183 1433 non
1231 1382 1232 1387 ’

174 1461 268 1537 possit
292 1453 333 1542 (p.
358 1457 399 1520 62
420 1453 487 1541 sq).
534 1462 582 1519 cui
611 1462 652 1519 ita
678 1463 836 1540 assentior,
863 1467 896 1520 nt
923 1460 979 1520 boo
1006 1467 1086 1520 certe
1110 1480 1183 1521 con-

175 1554 252 1607 stare
285 1553 387 1626 putem
413 1546 583 1607 Lucretium
615 1565 670 1625 per
700 1547 852 1607 intervalla
880 1550 1043 1626 scripsisse.
1094 1552 1182 1609 cuins

173 1643 272 1695 tamen
295 1638 340 1694 rei
362 1653 450 1694 cansa
472 1641 572 1695 utrum
595 1637 709 1694 insania
731 1635 893 1695 identidem
911 1654 1069 1696 recurrens
1088 1637 1182 1697 fuerit

174 1741 280 1803 necne,
307 1741 403 1801 neque
434 1725 495 1782 scio
523 1741 619 1802 neque
647 1741 727 1782 curo.
772 1725 838 1783 lieri
866 1723 984 1802 quidem
1010 1727 1119 1805 potuit,
1146 1732 1183 1785 ut

172 1818 258 1889 poeta
287 1829 354 1871 cum
380 1813 411 1871 in
438 1809 560 1889 Epicuri
587 1810 672 1871 libris
699 1811 774 1871 male
802 1811 953 1890 dispositis
976 1844 1021 1855 -
1043 1812 1079 1872 cl.
1108 1813 1181 1873 diss,
1231 1830 1232 1883 j

174 1898 264 1959 schol.
291 1897 352 1959 Hal.
381 1895 466 1961 1882
494 1919 521 1979 p.
552 1896 568 1960 1
594 1918 657 1978 sqq.
686 1934 727 1943 -
756 1899 887 1979 legendis
916 1907 945 1960 et
972 1899 1182 1979 intellegendis
1231 1902 1233 1968 ζ

173 1987 331 2067 plurimum
354 1990 496 2066 temporis
520 1988 702 2068 absumeret,
725 2007 760 2048 ea
782 1991 846 2067 ipsa
869 2007 901 2048 rc
925 1996 1081 2066 cogeretur
1105 1992 1181 2049 scri-

172 2075 261 2136 bendi
288 2094 361 2154 opus
389 2075 538 2135 interdum
565 2078 769 2136 intermittere.
816 2083 965 2153 utcunque
993 2077 1061 2157 fuit,
1089 2076 1181 2136 habe-

172 2182 238 2223 mus
270 2164 389 2223 Lucreti
426 2182 500 2243 opus
537 2182 632 2241 neque
669 2182 729 2224 uno
765 2172 867 2224 tenore
905 2166 1048 2242 scriptum
1080 2183 1182 2241 neque

172 2252 338 2312 absolutum
371 2270 466 2330 neque
495 2251 530 2312 ab
559 2254 623 2330 ipso
651 2259 738 2331 poeta
765 2252 889 2311 editum:
922 2269 995 2329 quae
1025 2270 1082 2329 quo
1109 2270 1181 2330 pcr-

171 2343 297 2421 tineant,
324 2342 438 2418 primus
461 2339 665 2399 Lachmannus
692 2341 851 2418 perspexit.
896 2341 1051 2419 quicum,
1078 2342 1180 2399 animo
1231 2401 1232 2404 ,

171 2432 297 2487 maxime
320 2430 353 2487 in
374 2445 436 2487 rem
460 2430 582 2507 intento,
606 2427 751 2506 quomodo
775 2428 937 2485 sententiae
959 2428 1036 2485 inter
1055 2445 1179 2492 secon-
1231 2441 1232 2486 t

171 2519 337 2575 tinerentur
358 2522 516 2594 partesque
539 2517 617 2574 inter
641 2533 673 2574 se
697 2516 868 2592 exciperent
889 2521 1053 2594 quaereret,
1075 2513 1180 2575 videre

171 2603 229 2662 sibi
256 2606 336 2663 visus
365 2610 410 2663 est
438 2602 576 2662 nonnulla
604 2602 731 2681 capitula
753 2620 848 2680 neque
872 2619 925 2661 suo
948 2600 1012 2660 loco
1036 2601 1181 2663 collocata

171 2698 270 2751 extare
293 2709 389 2769 neque
412 2690 530 2769 habere,
555 2708 612 2768 quo
636 2692 732 2768 aptius
753 2690 992 2768 transferrentur,
1015 2690 1051 2749 cl.
1070 2707 1179 2751 comm.

169 2799 197 2858 p.
222 2776 273 2858 62,
297 2774 348 2858 84,
372 2775 445 2859 285,
469 2774 542 2839 384.
585 2777 658 2837 haec
680 2777 742 2837 vult
764 2796 780 2837 a
803 2777 939 2837 Lucretio
963 2776 1019 2836 alio
1042 2784 1180 2855 tempore

170 2874 257 2945 atque
287 2884 321 2925 ea
350 2865 456 2944 quibus
485 2868 595 2925 inserta
624 2864 747 2943 legimus
775 2868 884 2944 scripta
911 2882 984 2924 esse.
1031 2865 1109 2942 quod
1135 2868 1181 2926 ita
1231 2945 1232 2948 Ἴ

169 2972 273 3014 verum
297 2971 362 3013 esse
386 2960 466 3033 puto,
489 2960 521 3014 ut
542 2960 640 3013 tamen
659 2956 767 3013 nonin
786 2971 887 3012 omnes
906 2952 995 3031 locos,
1018 2952 1180 3030 inquibus

169 3041 374 3102 Lachmannus
403 3040 432 3100 id
461 3040 569 3101 factum
592 3041 755 3121 contendit,
783 3040 886 3100 cadere
909 3038 1050 3100 videatur.
1096 3042 1179 3118 quod
1231 3039 1232 3042 ’

171 3149 238 3190 vero
267 3130 346 3190 idem
372 3127 454 3200 addit
481 3132 590 3208 scripta
619 3148 685 3189 esse
710 3129 772 3209 illa,
800 3146 866 3188 cum
889 3127 1043 3187 Lucretius
1067 3134 1179 3210 cetera,

170 3218 278 3297 quibus
292 3220 426 3278 inserere
441 3216 570 3297 deberet,
589 3219 619 3276 in
635 3217 770 3277 manibus
783 3233 843 3275 non
856 3214 986 3292 baberet,
1005 3232 1063 3274 non
1079 3217 1179 3276 credi-

170 3307 273 3365 derim.
303 3312 333 3365 et
342 3304 545 3364 Lachmannus
560 3306 679 3382 quidem
689 3304 839 3365 contendit
848 3302 905 3361 tale
916 3301 985 3380 quid
995 3321 1054 3362 non
1065 3303 1179 3365 lactum
1231 3327 1232 3330 ¹

170 3412 236 3453 esse
251 3396 283 3453 in
293 3393 443 3472 prioribus
453 3392 568 3452 duobus
577 3391 671 3473 libris,
685 3396 716 3453 in
726 3409 783 3471 quo
794 3408 861 3450 eum
871 3408 985 3449 errasse
996 3409 1049 3468 ego
1059 3392 1178 3469 primus

170 3482 376 3542 demonstravi.
422 3480 502 3553 vide,
531 3498 604 3557 quae
629 3481 664 3541 ad
688 3479 705 3540 l.
728 3480 741 3539 l
764 3499 789 3539 v.
812 3473 856 3537 44
879 3485 909 3537 et
932 3474 996 3538 130
1019 3478 1177 3540 adnotabo.
