2484 3800
580 154 620 208 IV
1044 153 1109 216 125

91 316 171 368 1055
187 299 241 361 sed
264 300 390 378 fugitare
414 298 499 360 decet
522 300 678 361 simulacra
701 307 731 361 et
752 300 859 379 pabula
881 302 989 361 amoris

93 406 169 455 1040
188 388 357 449 absterrere
381 388 438 447 sibi
461 395 548 467 atque
572 388 629 449 alio
653 396 824 449 convertere
847 396 977 449 mentem

188 484 219 537 et
241 479 339 537 iacere
361 494 495 537 umorem
519 476 685 538 conlectum
707 480 739 536 in
758 495 881 555 corpora
900 496 1041 557 quaeque,
1055 496 1109 539 roes

188 584 246 625 nec
268 566 411 645 retinere,
435 565 527 625 semel
550 583 725 626 conversum
748 567 836 625 unius
859 583 971 647 amore,

190 660 221 713 et
243 671 361 713 servare
385 652 443 713 sibi
466 672 566 713 curam
590 661 763 732 certumque
786 652 931 713 dolorem:

96 758 175 808 1060
191 740 276 801 ulcus
300 743 379 801 enim
402 743 524 802 vivescit
547 749 577 802 ct
599 744 788 803 inveterascit
811 740 928 822 alendo,

97 830 171 897 1045
191 831 281 908 inque
305 829 369 889 dies
393 828 490 907 gliscit
512 831 595 891 furor
618 838 706 909 atque
729 847 868 890 aerumna
891 831 1049 910 gravescit,

191 920 218 977 si
239 936 299 977 non
321 920 416 995 prima
438 920 522 978 novis
545 917 704 979 conturbes
726 917 845 977 volnera
866 916 960 996 plagis
1057 939 1110 979 roro

190 1005 398 1084 volgivagaque
422 1024 512 1084 vagus
535 1006 648 1067 Venere
671 1013 738 1067 ante
761 1008 892 1066 recentia
915 1023 1002 1065 cures

191 1100 242 1154 aut
264 1093 320 1153 alio
343 1096 441 1172 possis
464 1096 555 1154 animi
577 1094 732 1155 traducere
755 1101 860 1154 motus.

98 1197 176 1249 1065
235 1181 297 1242 Nec
318 1181 441 1242 Veneris
463 1183 563 1243 fructu
585 1190 666 1243 caret
688 1185 715 1242 is
738 1184 790 1262 qui
811 1184 883 1242 vitat
904 1199 1047 1261 amorem,

100 1286 173 1337 1050
193 1270 245 1331 sed
268 1273 366 1349 potius
390 1289 465 1349 quae
489 1277 558 1332 sunt
581 1273 645 1331 sine
667 1288 762 1350 poena
785 1269 937 1331 commoda
960 1271 1062 1329 sumit:

191 1377 261 1419 nam
283 1365 363 1419 certe
385 1366 489 1437 purast
511 1361 590 1419 sanis
613 1361 707 1436 magis
729 1357 798 1418 inde
821 1358 955 1437 voluptas
1057 1379 1109 1419 roas

192 1465 280 1525 quam
302 1448 428 1507 miseris.
465 1449 574 1508 etenim
597 1445 733 1526 potiundi
755 1454 887 1525 tempore
909 1448 942 1505 in
964 1448 1030 1524 ipso

192 1534 314 1595 fluctuat
337 1537 459 1595 incertis
482 1535 635 1595 erroribus
658 1534 746 1595 ardor
768 1541 929 1615 amantum,

100 1637 178 1690 1070
193 1616 203 1706 ll
214 1641 269 1683 nec
288 1629 402 1683 constat
420 1624 490 1702 quid
506 1626 636 1703 primum
650 1623 743 1683 oculis
756 1622 951 1701 manibusque
965 1623 1109 1683 fruantur.

102 1727 174 1777 1055
194 1709 272 1790 quod
295 1713 421 1792 petiere,
443 1719 582 1790 premunt
605 1719 681 1792 arte,
704 1712 874 1791 faciuntque
897 1711 1029 1771 dolorem

193 1801 340 1878 corporis,
363 1806 392 1859 et
414 1799 518 1860 dentes
540 1800 668 1861 inlidunt
690 1818 777 1879 saepe
800 1800 915 1860 labellis
1057 1822 1110 1862 1080

193 1886 351 1966 osculaque
374 1887 529 1970 adfligunt,
553 1890 703 1968 quianon
726 1895 772 1949 est
793 1907 867 1968 pura
889 1888 1023 1968 voluptas

194 1983 224 2037 et
247 1976 360 2036 stimuli
382 1976 519 2057 subsunt,
543 1979 594 2056 qui
615 1979 758 2055 instigant
780 1976 896 2037 laedere
920 1977 949 2036 id
972 1980 1083 2057 ipsum,

101 2080 178 2132 1075
192 2065 439 2146 quodcumquest,
462 2065 560 2125 rabies
582 2065 661 2125 unde
684 2063 769 2124 illaec
792 2067 924 2142 germina
947 2071 1079 2143 surgunt.

103 2170 175 2220 1060
195 2153 248 2213 sed
270 2151 374 2213 leviter
395 2171 506 2232 poenas
528 2154 638 2231 frangit
659 2152 756 2212 Venus
779 2154 859 2212 inter
880 2170 1023 2233 amorem,

193 2239 357 2319 blandaque
380 2242 510 2301 refrenat
531 2258 649 2300 morsus
672 2239 799 2300 admixta
822 2238 963 2317 voluptas.
1059 2262 1112 2302 nec

193 2347 320 2408 namque
343 2331 374 2389 in
397 2347 432 2389 eo
456 2347 523 2408 spes
547 2335 604 2409 est,
628 2327 735 2388 undest
756 2326 872 2388 ardoris
895 2329 990 2407 origo,

194 2419 340 2495 restingui
367 2435 483 2496 quoque
510 2435 597 2495 posse
624 2416 660 2476 ab
684 2415 787 2476 eodem
810 2433 933 2493 corpore
955 2415 1110 2475 flammam.

104 2521 180 2573 1080
195 2506 272 2584 quod
295 2506 361 2565 fieri
384 2512 485 2566 contra
507 2511 603 2565 totum
625 2511 729 2564 natura
751 2509 909 2582 repugnat,

105 2609 176 2661 1065
194 2612 311 2673 unaque
330 2612 378 2653 res
396 2593 469 2652 baec
487 2600 541 2674 cst,
560 2595 645 2653 cuius
663 2610 805 2670 proquam
819 2590 945 2669 plurima
960 2590 1111 2672 babemus,

194 2689 254 2742 tam
276 2684 370 2760 magis
393 2681 521 2741 ardescit
542 2681 607 2741 dira
630 2680 794 2759 cuppedine
816 2685 929 2758 pectus
1060 2702 1113 2742 roeo

194 2787 263 2830 nam
286 2769 370 2830 cibus
393 2776 480 2847 atque
504 2787 589 2829 umor
612 2768 754 2828 membris
776 2767 941 2828 adsumitur
963 2769 1056 2848 intus3

196 2876 270 2936 quae
293 2860 431 2935 quoniam
455 2863 549 2917 certas
572 2864 697 2935 possunt
719 2854 855 2916 obsidere
877 2857 984 2936 partis,

103 2960 182 3014 1085
195 2946 251 3006 boc
274 2945 358 3005 facile
381 2944 515 3024 expletur
537 2945 658 3005 laticum
681 2945 857 3022 frugumque
880 2943 1000 3022 cupido:

105 3053 177 3100 1070
196 3052 233 3094 ex
254 3033 383 3093 bominis
405 3047 475 3092 vero
498 3034 571 3093 facie
596 3032 779 3111 pulchroque
802 3031 900 3091 colore

195 3121 238 3182 nil
261 3121 401 3181 daturin
423 3139 531 3200 corpus
553 3128 672 3200 praeter
694 3119 850 3181 simulacra
873 3118 1031 3180 fruendum
1061 3140 1113 3182 1095

194 3211 305 3290 tenvia3
328 3228 402 3288 quae
425 3227 515 3270 vanos
538 3227 606 3288 spes
630 3214 726 3288 raptat
748 3226 834 3287 saepe
857 3207 980 3268 misella.

195 3305 229 3358 ut
250 3296 353 3357 bibere
376 3300 408 3358 in
431 3299 543 3357 somnis
566 3299 671 3357 sitiens
695 3315 784 3375 quom
808 3299 935 3377 quaerit,
958 3303 988 3355 et
1009 3312 1096 3355 umor

99 3402 180 3453 1090
194 3404 254 3446 non
278 3386 376 3466 datur,
398 3386 533 3446 ardorem
559 3387 610 3464 qui
632 3385 774 3446 membris
798 3387 947 3464 stinguere
970 3385 1078 3463 possit,

104 3490 176 3541 1015
196 3475 249 3535 sed
272 3473 392 3535 laticum
415 3474 571 3534 simulacra
593 3477 669 3554 petit
690 3475 858 3552 frustraque
882 3472 994 3533 laborat

194 3565 227 3624 in
250 3563 405 3642 medioque
430 3565 479 3624 siti
501 3570 631 3624 torretur
654 3564 774 3624 flumine
796 3569 915 3643 potans,
1062 3581 1114 3622 noo
