2484 3800
159 189 206 244 XL
522 189 804 245 Pitouuuoumud.

158 339 233 399 sueti
263 330 376 419 (guttae
404 330 450 421 in)
481 333 570 398 abac
601 334 689 398 lactes
716 336 840 408 OQedd.
867 335 962 398 ubera
987 336 1095 398 Brund.
1123 369 1173 378 ——

160 423 223 488 908
246 428 395 488 notamus
413 446 421 486 ε
439 427 576 487 notemus
599 425 724 496 OQedd.
747 457 789 468 —-
814 422 878 486 915
901 445 918 482 s
941 425 1086 486 excidisse
1115 424 1174 485 ali-

160 513 230 592 quid
255 513 325 573 olim
349 516 514 592 suspicatus
538 532 611 594 sum,
635 515 670 574 cl.
694 513 794 592 philol.
817 510 966 575 1111561
986 546 1027 556 -
1047 510 1172 592 9l8sq.

160 601 269 662 Pollius
289 601 324 662 de
343 609 397 662 art.
416 601 514 662 vocab.
533 621 560 680 p.
577 600 627 664 26.
648 605 765 681 spurios
784 620 849 662 esse
864 609 987 663 conatur
1001 601 1174 682 ostendere,

160 693 207 750 cui
227 692 340 750 assensi
359 697 428 750 sunt
442 689 632 750 Neumannus
654 689 711 750 lc.
730 709 758 768 p.
773 687 815 751 23
826 709 869 768 sq.
888 697 919 750 et
936 689 1090 751 Gneissius
1108 689 1126 750 l
1142 709 1172 750 c.

158 798 186 857 p.
207 775 262 859 75,
286 778 385 839 ethic
413 778 532 857 quidem
559 778 609 838 illo
632 780 764 856 pereunt
784 780 903 839 omniuo
926 795 986 838 uon
1008 777 1172 858 intellecto,

160 867 236 945 quod
257 875 303 927 est
325 862 377 926 ‘du
395 867 461 927 hast
483 869 514 926 in
533 867 624 927 ihneu
641 867 728 926 keinc
746 866 898 945 Urkdrper
915 862 1020 927 mehr’.
1056 866 1172 936 Pollius

159 957 190 1014 in
210 955 350 1034 asyndeto
375 956 438 1015 side
462 973 550 1016 causa
570 955 702 1036 offendit,
725 957 810 1015 cuius
829 954 1011 1015 simillimum
1034 962 1114 1015 extat
1130 954 1173 1014 IV

160 1039 225 1103 940
235 1062 292 1124 sq.;
311 1051 437 1122 utroque
451 1043 515 1104 loco
534 1040 616 1105 enim
635 1046 767 1103 inserere
781 1045 887 1121 possis.
916 1046 1081 1104 accuratius
1097 1059 1171 1103 saue

159 1131 275 1192 locutus
291 1141 369 1192 essct
378 1131 543 1212 Lucretius,
557 1134 583 1192 si
597 1134 641 1192 sic
655 1133 716 1192 lere
732 1133 913 1209 scripsisset:
928 1150 996 1191 nam
1005 1149 1074 1210 pars
1085 1138 1171 1191 certe

159 1237 263 1280 eorum
290 1220 376 1280 fleret
402 1229 432 1280 et
455 1220 656 1299 cachinnaret,
684 1219 737 1280 sed
763 1227 880 1298 poetam
902 1227 1007 1298 poetae
1029 1218 1172 1279 libertate

159 1311 203 1368 uti
231 1310 298 1386 quis
326 1326 386 1368 non
413 1305 561 1386 patiatur?
580 1341 621 1350 -—
646 1303 851 1369 952-1045.
875 1307 911 1368 de
939 1307 995 1368 boc
1016 1314 1078 1367 tcto
1102 1307 1171 1367 loco

159 1398 277 1474 egregie
309 1395 439 1474 disputat
469 1395 755 1456 lloerschclmanuus
791 1398 823 1456 in
865 1395 1009 1456 observat
1049 1394 1170 1455 Lucret.

160 1483 274 1564 alteris,
306 1486 338 1543 iu
370 1482 463 1543 aedib.
497 1483 711 1544 Teubnerianis
743 1483 830 1543 editis
862 1502 886 1543 a.
917 1482 1016 1564 1877,
1044 1483 1081 1542 de
1110 1501 1171 1562 qaia

160 1571 356 1650 disputatione
378 1571 504 1632 iudicavi
521 1574 553 1632 iu
570 1571 665 1632 annal.
684 1571 799 1632 Lucret.
822 1590 846 1631 a.
870 1570 952 1633 1877
976 1591 1003 1650 p.
1019 1568 1167 1651 65-683

160 1660 273 1720 Susum.
292 1677 356 1720 rem
373 1666 514 1720 retractat
531 1659 630 1738 philol.
648 1659 735 1720 XLIV
755 1679 783 1738 p.
799 1659 971 1738 7831111-
990 1657 1167 1721 952—961

159 1741 348 1831 (958-—967
368 1740 454 1831 Lm).
474 1748 587 1808 Susem.
606 1748 624 1808 l.
635 1768 659 1808 c.
674 1767 701 1826 p.
718 1746 759 1810 79
769 1767 813 1827 sq.
831 1748 886 1811 hos
904 1766 1008 1808 versus
1027 1747 1170 1816 cancellis
1240 1766 1241 1789 ¹

159 1838 260 1917 cingit,
279 1833 453 1897 992-995
467 1829 679 1920 (908-1001
694 1829 771 1921 Lm.)
789 1844 857 1916 post
872 1833 956 1897 1001
976 1830 1077 1921 (1007
1088 1830 1169 1921 Lm.)
1240 1860 1241 1881 r

159 1927 243 2003 ponit
265 1924 414 1985 nonnullis
437 1926 535 1985 verbis
558 1928 691 1987 mutatis:
714 1944 769 2005 ego
792 1945 859 1985 cum
877 1925 1076 1987 Hoerscbelm.
1101 1923 1169 1987 992

159 2009 268 2073 -995
288 2032 340 2073 suu
359 2013 423 2073 loco
442 2020 594 2075 rententcs
610 2014 737 2074 secludo.
753 2048 794 2057 -
810 2011 872 2075 971
889 2011 1075 2093 officwtqtae,
1094 2031 1168 2093 qum

158 2099 264 2162 miuus
290 2103 320 2161 in
344 2098 516 2181 efficiatque
538 2096 661 2186 (Gryph.
684 2095 887 2184 Lugdunens.)
909 2101 1083 2162 mutandum
1106 2120 1168 2162 ncn
1239 2111 1240 2144 ³

159 2208 225 2249 esse
257 2189 343 2250 dccet
369 2190 473 2250 Munro
506 2193 536 2249 in
569 2190 613 2251 ed.
642 2199 754 2269 quarta.
782 2224 824 2232 —
852 2186 917 2250 090
943 2186 1088 2268 parides
1119 2191 1168 2252 m

158 2275 274 2339 cunctis
291 2278 415 2339 Marull:
434 2296 450 2339 e
467 2277 582 2340 cunetis
599 2278 655 2339 LB.
674 2278 769 2339 Giuss.
785 2312 826 2321 -
841 2279 1040 2356 infernaque
1053 2277 1167 2349 OQltlr.
1238 2275 1239 2304 ⁴

159 2366 314 2447 Giusanus,
334 2367 411 2445 quod
429 2386 509 2427 nunc
527 2370 568 2429 ita
585 2367 688 2448 probo,
706 2374 739 2427 ut
753 2369 800 2446 sit,
819 2362 923 2427 ‘etiam
936 2361 1086 2445 inferna':
1105 2384 1167 2427 nou

158 2457 199 2514 ita
227 2454 369 2514 dissimile
397 2462 443 2515 cst
477 2455 503 2514 Π
528 2452 612 2516 1008
625 2473 668 2533 sq.
696 2454 791 2515 uoluit
817 2462 903 2533 poeta
929 2456 1166 2536 praetermittere

159 2542 397 2603 allitterationem
420 2546 448 2602 ci
471 2545 678 2622 gratissimam,
701 2561 776 2621 quae
795 2549 840 2602 est
858 2545 892 2602 in
907 2542 1007 2602 verbis
1027 2540 1167 2621 defertur

158 2647 215 2708 que
236 2628 426 2710 exemplatim:
450 2633 630 2709 aeternaque
648 2630 756 2711 Lm.B.,
780 2632 857 2709 quod
877 2630 947 2691 olim
968 2630 1059 2691 scribi
1082 2633 1166 2692 iussi.

159 2750 201 2759 -
222 2714 307 2779 1006
320 2737 363 2796 sq.
382 2766 390 2778 .
409 2766 415 2778 .
435 2766 442 2779 .
470 2716 600 2780 alterum
617 2736 722 2780 cortun
740 2766 747 2779 .
766 2766 773 2778 .
792 2765 800 2779 .
822 2716 1057 2780 immoderamm
1075 2737 1106 2779 e.
1125 2719 1166 2779 la·

158 2824 263 2866 cunam
287 2825 352 2867 esse
373 2809 432 2867 iam
449 2807 590 2868 Marullus
609 2810 770 2887 perspexit,
792 2807 828 2867 ci.
846 2807 900 2868 Mr.
923 2825 1027 2868 comm.
1045 2806 1067 2867 l.
1085 2807 1165 2867 Mad-

157 2896 240 2954 vicus
264 2897 352 2954 etiam
380 2902 447 2973 post
473 2915 498 2956 r.
526 2892 610 2958 1007
639 2896 784 2959 excidisse
812 2894 922 2974 aliquid
949 2895 1035 2976 vidit,
1065 2914 1165 2974 opusc.

157 2984 248 3061 prior.
276 3002 303 3061 p.
324 2979 396 3043 313.
443 2983 504 3045 Lm.
528 3002 595 3044 cum
618 2983 778 3063 Bernaysio
805 2983 926 3044 lacunae
953 2986 1071 3062 signum
1098 2991 1166 3063 post

160 3068 244 3133 1006
269 3064 371 3154 (1012
393 3066 471 3155 Lm.)
500 3072 665 3152 collocavit,
687 3080 754 3132 aute
783 3089 888 3133 eorum
918 3072 1031 3150 virgula
1059 3075 1165 3153 posita,

158 3178 245 3237 quam
276 3159 343 3239 dix,
381 3167 414 3220 ut
450 3160 562 3239 reliqua
598 3160 674 3221 male
711 3161 829 3241 scribit,
864 3160 939 3221 male
972 3163 1089 3221 retinet.
1122 3193 1163 3204 -

159 3244 385 3309 1015-1022
410 3241 668 3333 (1021-1028)
697 3248 773 3309 tollit
795 3248 899 3309 Neum.
922 3248 940 3308 l.
968 3267 992 3308 c.
1020 3251 1052 3309 iu
1077 3267 1164 3310 versu

160 3334 243 3397 1023
271 3338 305 3397 ai
330 3355 383 3415 pro
412 3338 441 3397 et
466 3336 615 3418 scribens,
637 3340 668 3397 iu
692 3335 864 3397 anacolutbo
887 3355 947 3397 non
970 3344 1050 3398 recte
1074 3338 1163 3397 olien-

158 3424 244 3505 deus,
268 3425 304 3484 ci.
327 3444 354 3503 p.
373 3424 447 3484 XIX.
489 3432 622 3485 ceterum
645 3444 724 3486 nunc
747 3425 891 3505 concedo,
919 3424 996 3503 quod
1020 3424 1090 3485 clim
1113 3443 1163 3485 uc-

157 3515 235 3593 gavi,
259 3532 333 3591 quac
357 3520 522 3592 sequuntur
544 3514 612 3573 inde
636 3532 653 3573 a
671 3532 760 3573 versu
780 3509 864 3574 1023
884 3515 910 3573 si
928 3530 987 3573 nou
1007 3515 1079 3572 satis
1096 3531 1162 3592 prc-
