2484 3800
147 143 208 206 112
630 140 669 193 IV

215 287 448 366 chordarumque
471 306 560 347 sonos
582 288 661 368 lieri,
684 287 837 366 dulcisque
861 284 1023 364 querellas,

214 376 287 436 tibia
310 394 383 454 quas
405 375 502 436 lundit
525 376 626 453 digitis
647 374 762 455 pulsata
786 380 957 454 canentum,
1119 391 1165 432 555

216 470 247 523 55
268 481 360 541 genus
383 463 545 541 agricolum
566 463 624 523 late
648 466 823 543 sentiscere,
846 479 936 541 quom
959 460 1020 521 Pan

146 553 304 630 55551555
327 552 459 612 semiferi
482 553 586 630 capitis
608 551 753 611 velamina
775 568 919 629 quassans

147 654 203 705 566
216 656 292 699 5555
316 658 403 718 saepe
425 638 507 700 labro
531 639 658 700 calamos
679 641 829 719 percurrit
850 638 975 717 hiantis,

216 726 313 786 listula
336 726 501 787 silvestrem
524 744 561 787 ne
585 734 682 787 cesset
704 726 828 787 fundere
850 743 977 787 musam.

218 821 315 875 cetera
335 814 371 874 de
389 832 497 893 genere
515 814 571 874 hoc
588 821 721 875 monstra
735 834 768 875 ac
781 821 918 894 portenta
932 813 1106 892 loqnontnr,
1121 833 1165 874 555

216 920 254 962 55
277 902 341 962 1555
364 902 481 963 deserta
503 901 538 961 ah
562 902 638 963 diris
662 920 779 982 quoque
802 902 878 962 forte
901 909 1045 981 putentur

148 1005 199 1054 555
219 989 280 1050 5515
302 997 413 1051 tenere.
449 990 516 1050 ideo
539 992 649 1050 iactant
670 989 812 1051 miracula
835 990 936 1070 dictis,

148 1085 267 1143 591555
289 1076 386 1156 aliqua
408 1080 523 1138 ratione
545 1078 601 1137 alia
624 1078 786 1159 ducuntur,
807 1085 841 1138 ut
864 1096 951 1138 omne

218 1165 378 1225 humanum
400 1183 494 1244 genus
516 1173 562 1225 est
584 1165 701 1226 avidum
723 1169 813 1226 nimis
831 1162 1069 1245 †auricularum.

262 1252 346 1323 Quod
369 1260 517 1333 superest,
538 1271 599 1313 non
621 1262 667 1314 est
688 1254 857 1315 mirandum
880 1272 938 1333 qua
961 1254 1093 1332 ratione,
1121 1274 1164 1315 555

218 1358 272 1418 per
294 1340 358 1401 loca
380 1359 454 1419 quae
476 1348 629 1419 nequeunt
651 1341 729 1402 oculi
751 1360 801 1402 res
824 1360 949 1402 cernere
973 1347 1109 1420 5555555,

149 1443 201 1491 555
218 1427 291 1487 haec
314 1427 377 1487 loca
398 1446 453 1507 per
474 1446 562 1489 voces
584 1431 703 1489 veniant
726 1432 865 1509 aurisque
888 1429 1050 1508 lacessant,

150 1530 204 1580 596
219 1514 407 1593 conloquium
432 1522 466 1576 55
488 1515 595 1577 5155515
618 1517 733 1578 loribus
756 1534 874 1597 quoquc
897 1534 987 1596 saepe
1010 1516 1162 1596 videmns3

218 1603 371 1682 nimirum,
395 1605 463 1681 quia
485 1621 540 1663 vox
562 1622 617 1683 per
639 1604 714 1665 llexa
737 1606 882 1666 foramina
903 1622 1008 1666 rerum

220 1688 375 1748 incolumis
397 1693 523 1751 transire
546 1698 657 1773 potest,
680 1692 838 1754 simulacra
860 1700 1015 1754 renutant:
1123 1714 1164 1755 coo

219 1776 449 1853 perscinduntur
471 1781 563 1859 enim,
585 1782 645 1839 nisi
667 1787 748 1840 recta
771 1781 915 1841 foramina
937 1787 1072 1860 tranant,

150 1877 201 1928 585
221 1861 315 1941 qualia
338 1871 407 1924 sunt
428 1867 509 1947 vitri,
533 1869 647 1946 species
672 1886 728 1946 qna
750 1868 875 1930 travolat
897 1870 1004 1930 omnis.

150 1946 394 2033 60111555555555
416 1956 509 2031 partis
532 1957 706 2018 incunctas
730 1956 872 2018 dividitur
894 1975 964 2038 vox,

220 2057 256 2098 ex
279 2038 345 2098 aliis
367 2039 441 2100 aliae
464 2044 602 2119 quoniam
625 2045 798 2125 gignuntur,
821 2044 874 2106 ubi
895 2063 955 2107 una

220 2126 349 2186 dissiluit
371 2127 463 2188 semel
484 2131 515 2188 in
538 2129 646 2190 multas
669 2139 783 2212 exorta,
806 2135 892 2211 quasi
914 2134 993 2212 ignis
1031 2167 1033 2172 ·
1123 2155 1164 2196 555

221 2231 308 2292 55555
330 2213 406 2274 55155
428 2216 553 2276 scintilla
575 2235 646 2277 suos
669 2237 702 2278 se
725 2237 865 2298 spargere
889 2223 921 2281 in
944 2222 1033 2299 ignis.

150 2315 290 2379 sacerge
313 2301 464 2380 replentur
486 2303 550 2364 loca
572 2304 693 2366 vocibus
717 2306 815 2367 abdita
837 2315 918 2368 retro

150 2402 206 2452 696
219 2390 375 2467 omniaque
396 2388 444 2450 his
466 2392 580 2451 circum
600 2393 719 2454 fervunt
741 2397 901 2474 sonituque
924 2398 1053 2457 cientur.

220 2482 249 2534 at
271 2475 427 2536 simulacra
448 2479 504 2536 riis
527 2478 655 2540 derectis
678 2484 777 2542 omnia
799 2483 940 2565 tendunt,

220 2568 254 2621 ut
276 2571 344 2622 5555
365 2565 455 2624 missa
478 2565 582 2646 semel;
605 2576 785 2648 quapropter
808 2589 932 2632 cernere
956 2591 1046 2634 nemo
1124 2596 1165 2637 cro

221 2656 320 2727 saepta
341 2651 419 2711 intra
439 2654 518 2730 potis
540 2660 599 2733 est,
621 2661 760 2717 atroces
783 2660 920 2738 accipere
943 2657 1069 2740 extrall

150 2748 203 2798 595
222 2742 361 2796 ettamen
374 2739 438 2816 ipsa
452 2757 568 2817 quoque
581 2740 664 2822 hacc,
677 2743 748 2803 dum
760 2749 868 2806 transit
877 2747 978 2808 clausa
988 2746 1165 2831 deonorum,

152 2834 204 2883 611
221 2838 275 2880 vox
299 2824 470 2901 optunditur
492 2835 579 2906 atque
602 2832 683 2890 auris
707 2832 829 2893 confusa
851 2842 1003 2916 penetrat,

222 2913 251 2966 et
274 2912 402 2970 sonitum
423 2914 523 2990 potius
546 2933 632 2993 quam
655 2917 744 2978 rerba
767 2920 870 2983 andire
893 2922 1040 2984 videmur.

264 2994 333 3074 Nec,
356 3000 422 3075 quis
445 3003 588 3063 sentimus
611 3021 724 3086 sucum,
747 3005 846 3086 lingua
867 3017 957 3088 atque
975 3011 1111 3091 palatum
1125 3036 1167 3078 615

220 3078 384 3182 plusculum
407 3084 515 3147 hahent
537 3091 569 3148 in
592 3109 625 3150 se
648 3095 770 3154 rationis
793 3095 861 3174 plus
886 3115 1042 3176 operaevc.

151 3178 203 3227 655
220 3170 364 3244 prmcrpio
387 3188 489 3232 sucum
513 3180 657 3239 sentimus
681 3182 712 3240 in
735 3199 801 3262 ore,
824 3184 924 3244 cibum
948 3205 1017 3248 cum

151 3265 205 3315 616
220 3253 384 3313 mandendo
406 3263 611 3345 exprimimus,
634 3285 689 3328 ceu
711 3268 829 3346 plenam
853 3275 1011 3352 spongiam
1034 3280 1126 3356 aquai

221 3341 313 3417 siquis
336 3340 410 3401 forte
432 3363 520 3408 manu
542 3369 679 3429 premere
701 3374 735 3416 ac
760 3359 872 3420 siccare
897 3365 1006 3442 coepit.

220 3425 288 3485 inde
311 3427 388 3504 quod
411 3437 600 3510 exprimimus
623 3459 678 3519 per
700 3443 799 3506 caulas
823 3465 910 3510 omne
933 3451 1028 3528 palati
1120 3477 1170 3518 555
