2484 3800
562 171 575 225 I

128 317 244 379 talibus
266 320 299 378 in
322 320 433 399 causis,
455 318 565 379 nedum
588 321 730 380 variantia
753 338 854 379 rerum

127 414 214 467 tanta
238 413 326 485 queat
349 406 450 467 densis
472 408 607 485 rarisque
631 426 667 467 ex
689 407 807 486 ignibus
831 426 906 469 csse.

49 502 110 553 655
129 495 165 555 id
188 513 320 574 qnoque:
343 497 370 554 si
392 495 501 555 faciant
523 495 685 556 admixtum
707 494 797 555 rebus
821 498 922 578 inane,
1031 508 1071 551 aaa

50 590 107 640 656
129 583 255 643 denseri
276 590 418 662 poterunt
440 584 524 661 ignes
546 586 665 662 rarique
689 583 830 664 relinqui,

131 671 187 732 sed
211 673 281 751 quia
302 670 394 731 multa
417 670 475 731 sibi
498 678 624 732 cernunt
648 674 794 733 contraria
816 690 937 733 rursum

130 767 165 820 et
185 760 314 837 fugitant
336 761 368 819 in
390 758 481 820 rebus
503 762 590 819 inane
613 759 782 838 relinquere
804 778 926 841 purum,

129 847 225 908 ardua
248 847 319 908 dum
340 854 490 928 metuunt,
514 850 652 908 amittunt
674 866 742 909 vcra
764 850 835 929 viai,

52 942 112 993 660
131 954 190 996 nec
212 953 335 996 rursum
356 943 483 996 cernunt
504 943 641 1015 exempto
666 935 757 997 rebus
778 938 860 998 inani
928 1010 934 1025 Ι
1031 950 1071 993 eoo

54 1032 109 1081 666
132 1026 234 1084 omnia
256 1023 377 1085 denseri
399 1025 524 1102 fierique
547 1042 584 1085 ex
607 1024 745 1084 omnibus
767 1043 859 1085 unum

130 1130 256 1193 corpus,
279 1111 321 1172 nil
344 1111 381 1171 ab
404 1130 438 1173 se
460 1111 539 1191 quod
561 1114 657 1192 possit
678 1114 796 1173 mittere
819 1115 940 1192 raptim,

131 1200 256 1261 aestifer
276 1201 354 1279 ignis
376 1202 422 1261 uti
444 1199 545 1261 lumen
566 1202 637 1261 iacit
659 1207 746 1279 atque
769 1217 905 1281 vaporem
910 1230 939 1283 ,·

131 1295 166 1349 ut
189 1288 289 1349 rideas
312 1306 373 1349 nou
395 1306 412 1348 e
435 1290 552 1368 stipatis
574 1287 709 1367 partibus
732 1306 807 1349 esse.

57 1383 116 1434 6⁶5
133 1376 213 1456 quod
237 1378 265 1436 si
287 1377 363 1437 forte
386 1376 442 1437 alia
465 1376 590 1437 credunt
611 1379 726 1439 ratione
748 1385 866 1456 potesse
1030 1388 1069 1431 ⁶6⁶

57 1472 112 1523 666
132 1466 212 1543 ignis
236 1467 268 1524 in
291 1471 377 1525 coetu
400 1466 512 1543 stingui
533 1471 707 1544 mutareque
731 1484 852 1546 corpus,
1152 1448 1230 1533 *t

133 1552 262 1634 scilicet,
284 1572 321 1613 ex
342 1552 424 1613 nulla
446 1554 543 1614 facere
566 1553 597 1613 id
620 1556 647 1613 si
669 1560 752 1633 parte
775 1560 943 1634 reparcent‚
961 1569 997 1632 a,
1052 1570 1054 1577 ’

132 1641 249 1703 occidet
271 1641 307 1701 ad
330 1640 438 1721 nilum,
460 1642 637 1723 nimirum,
660 1642 791 1703 funditus
814 1641 902 1702 ardor

133 1731 231 1789 omnis
254 1736 285 1789 et
305 1746 322 1791 e
343 1729 404 1789 nilo
427 1730 501 1789 dent
523 1747 726 1808 quaecumque
749 1736 900 1790 creantur:

61 1824 118 1875 670
132 1835 201 1877 nam
224 1816 430 1895 quodcumque
454 1819 517 1877 suis
539 1824 685 1878 mutatum
707 1818 815 1879 finibus
840 1820 913 1899 erit,
1030 1830 1069 1871 ⁶⁷0

61 1913 113 1962 666
133 1907 275 1966 continuo
296 1905 354 1966 hoc
375 1924 456 1966 mors
480 1913 526 1966 est
550 1906 631 1967 illius
655 1907 733 1985 qnod
756 1907 812 1968 fuit
834 1914 910 1968 ante.

132 1993 258 2074 proinde
281 1993 391 2072 aliquid
415 2012 555 2073 superare
577 2002 731 2055 necessest
753 1995 899 2055 incolume
923 1993 1002 2075 ollis,

132 2100 171 2142 ne
194 2081 251 2143 tibi
272 2100 322 2142 res
344 2081 468 2142 redeant
489 2082 526 2142 ad
547 2082 643 2143 nilum
665 2083 797 2143 funditus
821 2101 923 2142 omnes

133 2171 171 2230 de
193 2169 314 2248 niloque
336 2177 439 2230 renata
460 2171 589 2249 vigescat
611 2173 695 2250 copia
716 2188 826 2232 rerum.

61 2264 119 2317 675
134 2276 215 2319 nunc
237 2260 330 2336 igitur
352 2260 492 2337 quoniam
514 2261 679 2319 certissima
702 2277 826 2338 corpora
849 2258 991 2338 quaedam
1029 2271 1068 2313 aaa

61 2357 116 2406 670
135 2355 216 2426 sunt,
240 2364 314 2425 quae
338 2354 514 2407 conservant
534 2354 671 2408 naturam
693 2365 811 2426 semper
833 2347 970 2427 eandem,

134 2453 261 2514 quorum
284 2434 366 2495 abitu
388 2442 439 2495 aut
460 2435 543 2496 aditu
564 2442 736 2514 mutatoque
758 2434 861 2496 ordine
884 2441 998 2496 mutant

133 2532 270 2583 naturam
292 2539 341 2583 res
365 2531 395 2582 et
417 2529 591 2583 convertunt
614 2541 737 2604 corpora
760 2541 839 2605 sese,

134 2613 211 2672 scire
235 2610 307 2671 licet
328 2629 389 2670 non
412 2629 477 2671 esse
500 2611 573 2672 haec
595 2613 682 2690 ignea
705 2630 828 2691 corpora
850 2630 959 2672 rerum.

63 2707 121 2759 680
133 2699 176 2759 nil
197 2699 326 2760 referret
347 2701 428 2759 enim
451 2699 594 2777 quaedam
616 2700 774 2781 decedere,
797 2699 891 2782 abire,
1030 2715 1070 2754 68⁰

64 2795 115 2845 6⁷5
134 2794 223 2866 atque
246 2786 302 2847 alia
325 2786 467 2868 adtribui,
490 2790 658 2867 mutarique
682 2789 785 2849 ordine
809 2788 964 2870 quaedam,

134 2878 160 2936 si
182 2883 282 2936 tamen
305 2875 419 2936 ardoris
442 2882 577 2936 naturam
600 2884 706 2938 cuncta
728 2884 876 2938 tenerent:

132 2966 211 3042 ignis
234 2966 315 3024 enim
338 2963 415 3023 foret
437 2964 613 3024 omnimodis
637 2965 851 3045 quodcumque
866 2972 1008 3026 crearent.

133 3070 246 3133 rerum,
263 3059 298 3112 ut
315 3054 430 3132 opinor,
448 3053 530 3112 itast:
549 3059 618 3112 sunt
637 3054 780 3131 quaedam
794 3072 926 3134 corpora,
945 3071 1070 3132 quorum

65 3148 120 3199 685
133 3158 297 3202 concursus
319 3146 418 3200 motus
441 3139 513 3200 ordo
536 3142 668 3219 positura
691 3143 802 3220 figurae
1031 3154 1070 3195 ⁶8⁵

65 3237 116 3288 666
134 3229 268 3289 efficiunt
290 3230 382 3308 ignis,
404 3234 573 3306 mutatoque
597 3228 700 3290 ordine
723 3238 839 3291 mutant

133 3324 270 3378 naturam
292 3334 390 3394 neque
413 3323 482 3376 sunt
504 3318 567 3394 igni
590 3316 725 3378 simulata
748 3337 845 3396 neque
868 3317 921 3378 ulli

133 3412 288 3485 praeterea
310 3406 356 3465 rei
379 3422 454 3483 quae
477 3422 601 3484 corpora
623 3407 742 3466 mittere
764 3408 859 3486 possit

134 3493 272 3556 sensibus
296 3501 326 3555 et
348 3501 466 3554 nostros
489 3493 606 3555 adiectu
628 3501 749 3574 tangere
772 3502 874 3556 tactus.

822 3596 858 3646 2*
