2484 3800
144 162 188 225 72
627 162 666 215 ΠΙ

214 312 310 389 prima
332 310 427 369 oietur
449 310 541 389 enim,
563 310 663 387 parvis
683 306 814 385 perfecta
836 306 958 387 figuris‚'

215 398 284 458 inde
307 395 386 456 calor
407 404 505 457 motus
529 402 558 457 et
579 396 660 456 venti
682 412 768 455 caeca
789 401 919 473 potestas

215 486 335 563 accipit,
357 484 426 543 iude
449 490 513 564 aer3
535 482 604 543 inde
628 485 726 543 omnia
749 482 965 562 mobilitantur‚

215 573 383 634 concutitur
405 573 537 653 sanguis,
559 578 622 631 tum
643 573 758 631 viscera
780 572 1001 649 persentiscunt

144 674 198 725 250
217 663 327 740 omnia,
349 662 507 738 postremis
531 659 616 719 datur
639 658 755 719 ossibus
778 666 864 736 atque
887 656 1024 718 medullis

216 751 278 809 sive
300 747 433 826 voluptas
456 754 502 807 est
523 748 586 807 sive
608 754 655 806 est
676 747 841 806 contrarius
864 745 960 805 ar'dor.

216 854 271 897 nec
286 844 398 897 temere
412 835 469 895 buc
483 833 566 894 doior
578 852 674 912 usque
687 841 785 913 potest
797 840 954 913 penetrare
969 848 1064 910 neque
1078 846 1150 890 acre

216 941 388 1003 permanare
410 922 532 1002 malum,
556 924 628 1000 quin
650 924 747 982 omnia
770 921 982 1001 perturbentur

216 1030 310 1090 usque
333 1011 406 1070 adeo
427 1012 465 1070 ut
484 1012 559 1070 vitae
582 1010 660 1070 desit
681 1010 763 1070 loeus
786 1016 873 1088 atque
896 1009 1005 1069 animai

146 1115 198 1165 255
217 1100 371 1178 diffugiant
393 1104 492 1176 partes
515 1116 569 1176 per
591 1096 689 1157 caulas
712 1098 845 1175 corporis
867 1099 972 1157 omnis.

217 1187 269 1248 sed
292 1186 465 1265 pierumque
487 1186 522 1245 fit
542 1188 574 1245 in
598 1202 712 1245 summo
736 1187 820 1264 quasi
842 1202 967 1263 corpore
991 1184 1059 1243 finis

216 1273 358 1335 motibus:
380 1272 456 1333 banc
478 1272 515 1332 ob
537 1290 601 1333 rem
622 1275 713 1333 vitam
735 1274 865 1333 retinere
887 1271 1028 1333 valemus.

260 1361 345 1423 Nune
368 1378 402 1420 ea
425 1378 483 1439 quo
505 1367 590 1439 pacto
613 1362 692 1421 inter
714 1377 780 1421 sese
803 1362 936 1420 immixta
959 1358 1127 1437 quibusque

219 1456 333 1527 compta
355 1448 451 1507 modis
473 1450 591 1525 vigeant
611 1450 757 1507 rationem
778 1447 903 1508 reddere
927 1454 1064 1508 aventem

148 1554 200 1603 eoo
219 1536 363 1596 abstrahit
384 1537 508 1595 invitum
529 1537 619 1614 patrii
642 1538 787 1595 sermonis
810 1541 938 1613 egestas:

218 1624 270 1684 sed
292 1631 403 1702 tamen,
425 1630 459 1682 ut
480 1629 583 1700 potero
606 1625 774 1683 summatim
797 1625 955 1703 attingere,
977 1629 1107 1701 tangam.

217 1714 296 1770 inter
319 1712 398 1768 enim
420 1715 540 1769 cursant
561 1710 721 1788 primordia
743 1712 960 1789 principiorum

218 1796 346 1857 motibus
368 1798 447 1857 inter
468 1813 514 1876 se,
536 1797 578 1856 nil
600 1805 634 1857 ut
656 1799 806 1858 secernier
828 1816 921 1858 unum

218 1887 312 1965 possit
333 1902 389 1944 nec
411 1884 505 1962 spatio
527 1884 593 1945 fleri
615 1885 708 1946 divisa
728 1891 873 1967 potestas,

147 1988 200 2040 265
219 1973 272 2034 sed
294 1974 379 2051 quasi
400 1970 508 2031 multae
530 1974 575 2032 vis
597 1975 685 2034 unius
708 1976 841 2052 corporis
864 1980 973 2034 extant.

218 2060 296 2140 quod
319 2077 412 2138 genus
433 2061 465 2118 in
488 2062 592 2137 quovis
612 2062 796 2121 animantum
817 2063 930 2121 viscere
954 2059 1042 2138 volgo

219 2156 265 2210 est
291 2147 363 2207 odor
389 2154 420 2206 et
444 2147 562 2225 quidam
585 2146 666 2207 color
687 2155 717 2208 et
740 2166 839 2229 sapor,
867 2154 1022 2208 ettamen
1047 2147 1159 2208 erbis

219 2235 355 2296 omnibus
378 2241 424 2294 est
444 2251 537 2295 uuum
557 2234 721 2312 perfectum
744 2237 877 2314 corporis
901 2253 1044 2316 augmen;

219 2327 262 2385 sic
285 2322 364 2384 calor
386 2329 472 2399 atque
495 2326 546 2381 aer
568 2328 598 2382 et
619 2325 699 2382 venti
722 2340 807 2382 caeca
829 2330 961 2402 potestas

149 2428 201 2477 270
219 2414 310 2471 mixta
332 2416 433 2470 creant
454 2426 543 2468 unam
564 2415 712 2489 naturam,
735 2417 765 2469 et
786 2409 906 2470 mobilis
929 2410 980 2470 iila

219 2502 276 2579 ris,
298 2499 405 2558 initum
426 2502 523 2555 motus
546 2495 582 2555 ab
605 2513 637 2556 se
661 2515 734 2575 quae
757 2496 862 2581 dipidit
885 2496 966 2577 ollis,

220 2586 346 2646 seusiier
366 2583 445 2643 unde
468 2585 562 2642 oritur
582 2585 712 2661 primum
733 2603 788 2662 per
810 2587 924 2645 viscera
946 2592 1058 2645 motus.

219 2691 287 2732 nam
308 2673 427 2751 penitus
449 2686 586 2748 prorsum
608 2669 680 2730 latet
700 2671 773 2730 baec
795 2663 900 2732 natura
924 2673 1107 2754 subestque,

220 2778 275 2820 nec
296 2760 389 2836 magis
410 2758 466 2817 bac
488 2757 564 2816 inira
585 2760 772 2836 quicquamst
793 2761 824 2818 in
848 2777 973 2838 corpore
997 2767 1122 2842 nostro,

148 2864 201 2913 ers
219 2853 305 2925 atque
328 2848 453 2905 animast
474 2846 588 2903 animae
609 2862 753 2923 proporro
776 2848 867 2906 totius
890 2849 963 2924 ipsa.

220 2933 298 3012 quod
320 2950 413 3010 genus
435 2934 467 2991 in
488 2933 598 2990 nostris
619 2931 760 2992 membris
783 2939 813 2992 et
835 2951 960 3012 corpore
984 2940 1050 2994 toto

219 3023 309 3080 mixta
331 3019 426 3078 latens
449 3019 538 3077 animi
560 3020 604 3077 vis
627 3025 673 3078 est
695 3022 868 3097 animaeque
890 3028 1041 3102 potestas,

220 3105 392 3186 corporibus
415 3107 484 3182 quia
506 3105 542 3164 de
563 3107 662 3183 parvis
683 3109 844 3184 paucisque
868 3114 1011 3189 creatast3

220 3197 263 3254 sic
285 3193 342 3253 tibi
365 3193 491 3251 nominis
514 3192 587 3252 baec
608 3211 715 3271 expers
738 3196 795 3273 vis,
818 3195 895 3255 iacta
918 3198 1045 3257 minutis

148 3297 201 3348 280
219 3277 406 3359 corporibus,
427 3277 499 3337 latet
520 3286 606 3356 atque
630 3282 743 3340 animae
766 3284 851 3359 quasi
873 3285 967 3344 totius
990 3286 1059 3364 ipsa

219 3370 392 3447 proporrost
413 3366 509 3423 anima
532 3371 562 3424 et
583 3366 749 3427 dominatur
773 3386 898 3446 corpore
921 3378 993 3432 toto.

219 3452 366 3515 consimili
387 3452 501 3510 ratione
523 3460 675 3513 necessest
696 3462 799 3515 ventus
824 3463 854 3515 et
877 3462 929 3518 aer
