2484 3800
208 180 270 247 176
687 181 726 236 VI

277 329 397 406 ancipiti
419 327 518 387 videas
541 328 620 388 ferro
643 327 747 407 procul
769 327 884 389 arboris
906 336 1037 409 auctum,

277 422 343 475 ante
367 416 399 474 fit
421 422 454 475 ut
477 434 579 475 cernas
602 418 694 476 ictum
718 434 805 496 quam
827 416 911 495 plaga
933 435 987 495 per
1009 418 1089 476 auris
1205 441 1206 448 ¹

206 511 260 561 170
277 503 327 563 det
349 505 490 563 sonitum:
514 506 557 563 sic
579 503 723 583 fulgorem
747 522 863 583 quoque
886 507 1035 565 cernimus
1058 510 1124 564 ante
1168 528 1206 570 no

277 609 364 670 quam
386 593 528 651 tonitrum
551 594 725 673 accipimus,
747 594 859 671 pariter
881 594 932 671 qui
953 594 1082 653 mittitur
1104 594 1168 672 igni

208 695 293 745 1toc
318 678 407 739 simili
430 698 529 760 causa,
552 698 699 740 concursu
721 687 807 741 natus
830 680 941 741 eodem.

319 766 384 827 Hoc.
404 769 492 827 etiam
514 775 599 845 pacto
621 767 735 828 volucri
756 768 820 828 loca
842 768 951 829 lumine
973 770 1093 846 tingunt

276 855 370 915 nubes
392 862 422 915 et
444 854 569 915 tremulo
592 863 752 934 tempestas
774 858 883 935 impete
906 855 1000 933 fulgit.
1205 915 1206 924 ,

206 949 260 1000 175
275 950 380 1003 ventus
402 942 454 1003 ubi
476 944 582 1003 invasit
603 944 712 1005 nubem
735 950 765 1004 et
786 951 919 1005 versatus
941 943 1051 1004 ibidem
1171 953 1206 1018 nst

276 1032 347 1091 fecit
368 1037 401 1091 ut
423 1036 490 1091 ante
513 1049 613 1091 caram
635 1031 723 1092 docui
745 1034 924 1111 spissescere
946 1032 1069 1114 nubem,

209 1134 258 1185 tao
276 1117 436 1179 mobilitate
460 1137 512 1179 sua
533 1119 683 1199 fervescit3
705 1126 739 1180 ut
761 1122 859 1180 omnia
881 1126 962 1180 motu

276 1206 468 1286 percalefacta
491 1206 572 1267 vides
596 1207 763 1287 ardescere,
786 1206 922 1286 plumbea
943 1226 1013 1267 vero

276 1295 358 1373 glans
381 1296 470 1354 etiam
492 1294 578 1373 longo
602 1314 692 1356 cursu
713 1295 854 1355 volvenda
876 1296 1020 1375 liquescit.

206 1390 262 1441 180
278 1402 347 1461 ergo
370 1382 499 1442 fervidus
521 1382 570 1443 hic
592 1383 702 1445 nubem
724 1402 792 1445 cum
813 1383 956 1462 perscidit
977 1391 1084 1465 atram,
1172 1408 1206 1447 ro,

276 1471 400 1549 dissipat
421 1470 535 1531 ardoris
558 1473 642 1549 quasi
664 1490 718 1550 per
740 1474 799 1531 vim
822 1490 960 1550 expressa
983 1480 1108 1550 repente

207 1574 258 1624 180
277 1560 400 1639 semina,
423 1576 497 1637 quae
520 1559 632 1619 faciunt
652 1561 793 1620 nictantia
815 1558 930 1638 fulgura
952 1559 1100 1621 flammae:

276 1646 344 1706 inde
368 1664 457 1706 sonus
480 1648 627 1728 sequitur,
650 1650 702 1725 qui
724 1647 836 1708 tardius
859 1648 958 1708 adficit
979 1650 1060 1708 auris

276 1751 363 1812 quam
386 1752 459 1813 quae
481 1736 658 1812 perveniunt
679 1734 830 1796 oculorum
853 1736 889 1795 ad
911 1734 1022 1796 lumina
1044 1745 1159 1799 nostra.

206 1830 261 1880 185
278 1820 401 1900 scilicet,
423 1822 479 1882 hoc
503 1821 602 1882 densis
625 1824 658 1882 fit
680 1823 808 1884 nubibus
831 1830 860 1883 et
883 1823 970 1883 simul
992 1823 1049 1883 alte
1173 1847 1206 1890 ns

277 1912 417 1970 extructis
440 1909 505 1970 aliis
527 1910 598 1971 alias
622 1929 712 1990 super
734 1915 842 1991 impete
864 1914 948 1972 miro.

208 2014 258 2064 185
276 2017 313 2058 ne
336 1997 391 2058 tibi
414 2000 452 2058 sit
473 1998 569 2078 fraudi
592 1999 671 2078 quod
693 2018 747 2060 nos
769 2001 884 2061 inferne
906 1999 1039 2061 videmus
1205 2054 1206 2073 ,

137 2148 140 2156 ,
276 2104 363 2166 quam
382 2089 441 2146 sint
454 2085 510 2146 lata
524 2089 616 2165 magis
631 2106 719 2166 quam
733 2106 851 2148 sursum
865 2095 995 2149 extructa
1010 2087 1081 2166 quid
1098 2094 1206 2175 extent}

198 2209 200 2216 ·
276 2174 487 2253 contemplator
510 2177 600 2256 enim,
625 2194 692 2235 cum
714 2175 863 2236 montibus
886 2175 1059 2236 adsimulata

205 2271 260 2321 100
276 2262 376 2323 nubila
398 2260 557 2341 portabunt
578 2265 659 2323 venti
680 2270 846 2324 transversa
867 2282 923 2342 per
947 2282 1046 2344 auraS,
1176 2268 1207 2339 nt

276 2358 326 2411 aut
347 2349 400 2410 ubi
421 2369 475 2429 per
496 2368 617 2428 magnos
640 2353 748 2411 montis
771 2351 916 2412 cumulata
937 2351 1051 2412 ridebis
1205 2344 1206 2349 ’

208 2456 257 2505 100
275 2441 397 2517 insuper
420 2456 485 2498 esse
509 2437 574 2498 aliis
597 2439 653 2499 alia
675 2445 762 2517 atque
790 2457 916 2518 urguere
940 2457 1067 2518 superne

275 2529 307 2586 in
329 2529 455 2587 statione
478 2525 570 2586 locata
593 2526 717 2606 sepultis
739 2527 869 2606 undique
892 2529 999 2607 ventis3
1025 2581 1028 2583 n

275 2622 338 2674 tum
352 2615 471 2692 poteris
493 2631 611 2692 magnas
635 2614 727 2675 moles
750 2633 926 2693 cognoscere
949 2633 1051 2675 eorum

205 2709 259 2760 195
276 2701 487 2781 speluncasque
509 2700 588 2762 velut
611 2705 690 2762 saxis
711 2703 900 2781 pendentibu’
924 2710 1050 2764 structas
1177 2728 1207 2769 m

275 2808 411 2871 cernere,
435 2807 506 2868 quas
528 2792 608 2850 venti
631 2809 698 2851 cum
720 2798 894 2869 tempestate
917 2798 1017 2852 coorta

207 2894 257 2943 190
276 2877 462 2958 conpluunt,
484 2896 589 2956 magno
612 2878 802 2956 indignantur
823 2897 974 2940 murmure
997 2878 1093 2940 clausi

275 2965 416 3047 nubibus,
439 2968 470 3024 in
493 2968 648 3044 caveisque
671 2967 800 3027 ferarum
821 2985 903 3027 more
926 2969 1091 3048 minantur,

274 3071 353 3114 nunc
375 3053 444 3113 hinc
466 3072 545 3114 nunc
567 3054 649 3114 illinc
671 3055 806 3115 fremitus
829 3073 883 3134 per
905 3055 1005 3115 nubila
1027 3057 1172 3140 mittunt,

205 3147 263 3199 200
274 3148 506 3219 quaerentesque
529 3142 606 3201 viam
629 3145 909 3224 circumversantur‚
931 3150 961 3204 et
983 3145 1060 3221 ignis
1179 3167 1207 3209 aa

277 3229 389 3287 semina
411 3228 586 3288 convolvunt
607 3247 624 3291 c
645 3229 773 3290 nubibus
791 3237 883 3309 atque
905 3233 944 3290 ita
968 3238 1076 3309 cogunt

205 3330 258 3378 200
276 3311 379 3392 multa,
402 3321 557 3393 rotantque
580 3319 659 3379 cavis
680 3318 826 3377 flammam
849 3317 1016 3379 fornacibus
1038 3321 1141 3402 intus,

276 3400 370 3460 donec
393 3399 502 3460 divolsa
525 3399 670 3465 fulserunt
692 3405 770 3466 nube
794 3408 917 3466 corusci.
962 3411 970 3424 '

320 3485 380 3544 Hac
404 3488 491 3546 etiam
513 3489 546 3547 fit
568 3493 612 3550 uti
635 3492 671 3552 de
694 3511 781 3554 causa
802 3493 918 3554 mobilis
940 3493 989 3554 ille
