2484 3800
548 160 587 215 VI
1006 160 1068 225 175

136 323 223 383 saepe
246 307 287 365 ita
309 306 359 366 det
380 313 495 367 torvum
519 309 649 369 sonitum
671 306 800 387 displosa
823 316 951 388 repente.

61 409 117 459 130
180 392 233 453 Est
255 396 343 454 etiam
365 396 454 476 ratio,
477 414 545 455 cum
567 398 648 456 venti
669 395 769 456 nubila
791 396 929 477 perflant,

136 488 170 541 ut
193 483 308 543 sonitus
329 482 449 542 faciant:
473 486 581 544 etenim
604 502 720 544 ramosa
742 484 875 544 videmus

137 567 238 630 nubila
260 588 347 648 saepe
369 570 465 631 modis
488 570 589 633 multis
612 578 699 651 atque
722 590 826 651 aspera
848 573 933 652 ferri3

62 665 120 717 135
138 657 263 738 scilicet,
285 664 331 739 ut,
354 657 488 719 crebram
511 659 613 719 silvam
636 678 704 720 cum
725 660 843 720 flamina
865 661 948 720 cauri
1029 680 1068 722 rm

138 744 276 826 perflant,
298 746 368 805 dant
391 748 520 807 sonitum
542 747 662 807 frondes
685 750 817 826 ramique
840 748 993 826 fragorem

64 834 173 900 131111
195 852 310 913 qnoque
334 840 368 893 ut
389 834 539 895 interdum
560 834 650 895 validi
672 837 716 895 ris
739 838 828 895 incita
850 838 931 895 venti

138 921 308 1001 perscindat
329 921 439 982 nubem
460 924 646 1001 perfringens
669 925 778 1002 impete
800 930 896 984 recto:

139 1027 207 1069 nam
230 1010 300 1088 quid
322 1012 416 1088 possit
438 1010 481 1070 ibi
503 1010 589 1072 flatus
612 1012 767 1072 manifesta
789 1011 958 1092 (11111111,

63 1099 201 1179 1401111,
223 1097 275 1158 ubi
297 1096 391 1158 leuior
413 1105 472 1179 est,
494 1100 526 1159 in
548 1106 628 1159 terra
650 1117 718 1161 cum
739 1106 838 1161 tamen
860 1098 917 1159 alta
1030 1120 1069 1160 rso

140 1184 258 1246 arbusta
282 1185 417 1246 evolvens
441 1185 590 1247 radicibus
612 1187 710 1248 haurit
732 1187 768 1247 ab
791 1189 868 1248 imis.

66 1291 120 1340 140
141 1280 210 1333 sunt
232 1275 320 1333 etiam
343 1274 449 1335 fluctus
471 1293 525 1353 per
547 1275 660 1356 nubila,
683 1277 735 1353 qui
757 1277 842 1353 quasi
863 1292 997 1335 murmur

141 1361 211 1422 daut
233 1364 264 1420 in
286 1362 447 1440 frangendo
470 1365 608 1444 graviter3
633 1363 711 1442 quod
733 1365 804 1423 item
827 1364 860 1423 lit
881 1365 913 1422 in
935 1362 1001 1423 altis

140 1448 311 1511 fluminibus
334 1468 497 1529 magnoque
520 1454 608 1532 mari,
631 1469 699 1511 cum
721 1451 865 1529 frangitur
888 1458 995 1511 aestus.

65 1546 123 1597 115
140 1539 174 1598 fit
196 1555 321 1618 quoque,
343 1537 395 1598 ubi
417 1556 433 1599 1
456 1537 529 1599 nubi
550 1541 582 1598 in
599 1539 709 1599 nubem
726 1541 771 1599 ris
789 1538 894 1599 incidit
910 1538 1016 1600 ardens
1031 1559 1069 1601 mo

141 1625 285 1706 fulminis,
306 1625 379 1686 haec
401 1625 493 1687 multo
517 1629 543 1687 si
565 1626 640 1687 forte
663 1645 765 1688 umore
788 1629 901 1705 recepit

68 1730 123 1781 145
141 1716 253 1794 ignem,
276 1715 414 1774 contiuuo
438 1722 471 1775 ut
492 1733 598 1793 magno
622 1713 748 1776 clamore
773 1714 914 1796 trucidet3

141 1810 175 1863 ut
198 1801 298 1863 calidis
321 1802 450 1862 candens
471 1803 583 1863 forrum
606 1822 622 1863 e
645 1803 814 1864 fornacibus
837 1802 906 1863 olim

143 1890 253 1971 stridit,
276 1888 327 1951 ubi
349 1893 381 1952 in
404 1889 532 1970 gelidum
554 1911 680 1971 propere
704 1892 897 1953 demersimus
919 1889 1052 1951 imbrem.

67 1987 127 2039 150
142 1978 253 2039 aridior
274 1997 363 2057 porro
387 1981 412 2040 si
434 1978 529 2040 nubes
552 1982 659 2060 accipit
680 1982 790 2060 ignem,
1033 1999 1071 2042 roo

142 2069 240 2128 uritur
261 2069 375 2145 ingenti
397 2069 495 2127 sonitu
518 2085 661 2128 succensa
682 2075 817 2147 repente3

69 2172 125 2221 160
143 2153 319 2216 lauricomos
342 2162 376 2215 ut
397 2157 423 2214 si
444 2173 498 2233 per
520 2157 630 2215 montis
652 2155 768 2215 flamma
789 2161 910 2232 vagetur
1018 2151 1021 2156 ’

143 2242 260 2303 turbiue
283 2249 437 2302 ventorum
460 2241 637 2304 comburens
658 2245 767 2322 impete
789 2260 906 2320 magno:

143 2348 198 2391 nec
221 2348 269 2390 rcs
291 2329 350 2390 ulla
373 2332 465 2408 magis
488 2349 576 2409 quam
597 2330 709 2391 Phoebi
730 2329 870 2408 Delphica
892 2328 992 2389 laurus

69 2425 127 2478 155
146 2417 271 2478 terribili
294 2420 392 2480 sonitu
415 2418 530 2479 flamma
553 2420 714 2497 crepitante
737 2424 892 2478 crematur.
1034 2436 1072 2478 155

145 2507 270 2585 denique
294 2524 381 2584 saepe
404 2506 462 2585 geli
484 2505 594 2568 multus
616 2507 715 2586 fragor
738 2513 825 2585 atque
847 2508 932 2566 ruina

70 2610 124 2662 155
145 2594 294 2672 grandinis
317 2596 348 2653 in
370 2596 484 2673 magnis
508 2597 636 2655 sonitum
659 2595 708 2655 dat
730 2592 857 2655 nubibus
880 2593 949 2654 alte:

144 2689 248 2743 ventus
271 2684 351 2744 enim
374 2701 441 2743 cum
463 2683 618 2765 confercit,
640 2683 815 2761 franguntur
837 2684 869 2741 in
891 2687 986 2741 artum

145 2772 275 2832 concreti
296 2777 412 2831 montes
434 2769 601 2832 nimborum
624 2778 654 2831 et
677 2769 817 2849 grandine
839 2771 932 2829 mixti.

70 2866 128 2918 160
187 2856 285 2937 Fulgit
306 2860 390 2940 item,
413 2858 507 2919 nubes
529 2861 606 2938 ignis
630 2877 697 2920 cum
720 2860 832 2919 semina
853 2855 944 2917 multa
1034 2877 1073 2917 reo

144 2965 301 3008 excussere
324 2964 378 3007 suo
401 2965 560 3028 concursu3
583 2965 638 3007 ceu
660 2946 787 3026 lapidem
810 2947 837 3006 si

71 3053 125 3103 160
143 3037 290 3115 percutiat
310 3033 385 3113 lapis
408 3043 458 3096 aut
480 3036 604 3096 ferrum:
627 3052 695 3094 nam
716 3041 780 3095 tum
803 3049 919 3112 quoquc
942 3030 1041 3092 lumen

144 3122 227 3184 exilit
249 3129 279 3184 et
301 3121 394 3183 claras
417 3122 559 3184 scintillas
582 3122 704 3200 dissipat
726 3123 813 3201 ignis.

145 3211 196 3272 sed
219 3213 361 3271 tonitrum
383 3212 416 3271 lit
438 3213 483 3272 uti
504 3217 572 3289 post
594 3209 714 3270 auribus
737 3211 929 3290 accipiamus,

69 3305 128 3358 165
144 3299 255 3378 fulgere
280 3317 366 3377 quam
388 3305 510 3360 cernant
533 3297 623 3379 oculi,
647 3300 716 3377 quia
738 3315 855 3376 semper
878 3297 914 3357 ad
936 3297 1016 3356 auris
1035 3314 1074 3356 roa

143 3387 256 3448 tardius
279 3387 437 3448 adveniunt
459 3405 546 3467 quam
568 3388 665 3446 visum
688 3405 762 3466 quae
785 3392 920 3446 moveant
941 3402 999 3444 res.

71 3491 125 3542 165
143 3475 174 3536 id
196 3475 266 3536 licet
287 3475 356 3536 hinc
379 3477 468 3536 etiam
490 3493 677 3556 cognoscere.
715 3476 837 3536 caedere
861 3475 888 3534 si
911 3490 999 3551 quem
