2484 3800
544 169 584 224 IV
1007 168 1072 235 103

124 315 218 394 quale
242 317 282 376 sit
303 323 337 376 ut
358 316 523 397 videamus,
546 325 576 377 ct
598 335 657 378 una
680 336 768 396 quam
789 317 894 398 procul
915 318 1001 379 absit
1029 340 1073 382 acc

124 403 206 464 illud
229 406 261 463 in
283 403 330 464 his
352 404 443 465 rebus
465 407 586 466 minime
609 405 744 466 mirabile
766 405 975 487 hahendnmst‚

36 508 103 557 240
126 510 200 571 cur,
224 509 258 552 ea
282 510 356 570 quae
379 492 487 564 feriant
511 493 613 554 oculos
639 494 794 555 simulacra
817 495 922 556 videri

37 595 111 648 256
128 579 251 658 singula
274 598 341 640 cum
364 587 525 662 nequeant,
546 599 596 642 res
618 584 700 660 ipsae
722 585 948 662 perspiciantur.

125 674 238 728 ventus
262 670 342 729 enim
365 686 482 748 quoque
502 669 642 748 paulatim
660 689 729 732 oum
746 670 882 731 verberat
900 678 930 732 et
948 690 1016 732 cnm
1030 693 1070 734 cco

127 774 201 816 acre
225 755 291 816 fluit
312 756 419 837 frigus,
441 775 501 818 non
523 759 638 837 privam
661 777 807 838 quamque
830 758 959 821 solemus
1030 782 1070 822 aaa

125 843 308 924 particulam
329 845 411 905 venti
434 847 544 906 sentire
567 853 598 906 et
619 847 739 925 frigoris
762 849 840 928 eius,
1030 870 1071 910 aco

42 949 107 999 245
129 932 187 993 sed
209 933 303 1011 magis
326 951 482 1015 unorsum,
504 934 628 1013 fierique
651 935 774 1015 perinde
797 936 931 996 videmus
1030 959 1070 999 ecs

43 1037 112 1090 261
130 1038 259 1100 corpore
282 1027 345 1081 tnrn
367 1019 467 1100 plagas
489 1024 521 1082 in
544 1030 647 1082 nostro
668 1030 817 1102 tamquam
839 1023 953 1103 aliquae
976 1042 1025 1085 res

127 1108 270 1169 verberet
292 1115 379 1188 atque
403 1111 451 1170 sui
473 1109 524 1171 det
546 1129 668 1171 sensum
690 1114 823 1190 corporis
846 1120 936 1173 extra.

76 1201 79 1206 '
128 1204 287 1276 praeterea
309 1195 437 1277 lapidem
458 1197 550 1277 digito
574 1217 642 1259 oum
663 1199 828 1281 tundimus,
851 1203 948 1279 ipsum
1029 1221 1070 1263 ace

128 1287 282 1364 tangimus
305 1292 470 1346 extremum
492 1289 556 1346 saxi
578 1305 784 1366 summumque
808 1288 950 1369 colorem,

48 1390 110 1440 250
128 1391 189 1433 neo
212 1375 356 1434 sentimus
379 1392 448 1434 eum
469 1381 563 1455 tactu,
584 1394 688 1436 verum
709 1378 803 1455 magis
823 1379 920 1456 ipsam

48 1478 116 1530 266
130 1461 273 1522 duritiem
295 1464 415 1540 penitus
438 1465 501 1524 saxi
523 1465 667 1524 sentimus
690 1466 721 1524 in
744 1464 811 1525 alto.

178 1549 263 1610 Nunc
286 1567 352 1631 age,
378 1569 431 1611 cur
453 1550 530 1612 ultra
553 1552 706 1630 speculum
727 1553 863 1613 rideatur
884 1555 980 1632 imago

129 1639 267 1717 percipe:
289 1655 358 1698 nam
380 1645 460 1699 certe
482 1641 602 1718 penitus
625 1648 737 1701 semota
759 1641 883 1702 videtur.
1029 1665 1070 1705 cro

51 1741 116 1794 270
132 1725 213 1804 quod
236 1743 329 1804 genus
351 1725 402 1786 illa
423 1727 496 1786 foris
519 1746 593 1806 quae
616 1747 686 1789 vere
708 1732 954 1811 transpicinntur,

54 1831 111 1880 255
131 1816 221 1873 ianua
244 1832 312 1875 oum
333 1832 388 1892 per
411 1833 442 1875 se
465 1823 667 1894 transpectum
688 1818 811 1897 praehet
833 1825 980 1899 apertum,

132 1902 226 1963 multa
248 1903 375 1982 facitque
398 1903 470 1964 foris
494 1923 530 1965 ex
553 1905 675 1967 aedibus
697 1914 731 1967 ut
753 1907 918 1969 videantur:

132 1994 161 2052 is
183 2008 302 2069 qnoque
324 1992 403 2051 enim
426 1990 537 2071 duplici
558 1996 734 2073 geminoque
757 1996 791 2055 fit
812 2001 880 2056 aire
903 1998 992 2057 visus.

131 2080 248 2158 primus
270 2081 349 2139 enim
372 2082 447 2140 citra
468 2088 569 2159 postes
591 2088 655 2143 tum
677 2085 810 2143 cernitur
831 2089 895 2164 aer,
1028 2104 1069 2147 nc

56 2182 116 2235 275
131 2167 203 2227 inde
225 2167 305 2227 fores
328 2169 409 2247 ipsae
431 2168 534 2229 dextra
556 2168 695 2249 laevaque
718 2178 872 2251 secuntur,

59 2271 115 2321 260
133 2262 202 2334 post
224 2257 351 2315 extraria
374 2254 423 2315 lux
447 2256 549 2317 oculos
570 2265 722 2337 perterget
744 2266 775 2318 et
796 2263 847 2318 air

133 2342 222 2423 alter,
245 2350 276 2403 et
297 2342 347 2403 illa
369 2344 441 2403 loris
464 2363 538 2423 quac
561 2363 631 2405 rere
653 2349 893 2426 transpieiuntur.

134 2430 252 2491 sicubi
275 2448 308 2491 se
330 2433 460 2510 primum
483 2432 597 2511 speculi
618 2436 744 2512 proiecit
766 2437 875 2514 imago,

134 2519 204 2580 dum
228 2520 308 2579 venit
329 2519 367 2579 ad
387 2527 504 2581 nostras
527 2524 619 2602 acies,
642 2522 790 2601 protrudit
811 2524 929 2600 agitque
1028 2544 1070 2585 nco

61 2622 121 2675 260
135 2612 203 2667 aera
226 2609 278 2685 qui
300 2609 378 2668 inter
400 2626 433 2668 se
456 2616 611 2687 cumquest
633 2610 793 2689 oculosque
815 2610 941 2691 locatus,

62 2712 116 2761 265
135 2702 165 2755 et
186 2695 257 2756 facit
278 2702 312 2755 ut
333 2697 417 2774 prius
440 2696 519 2757 hunc
542 2715 660 2758 ornnem
682 2701 792 2759 sentire
816 2716 957 2777 queamus

135 2802 221 2862 quam
229 2782 455 2861 speculumzsed
462 2784 516 2845 ubi
523 2785 676 2864 speculum
683 2805 799 2866 quoque
807 2789 955 2848 sensimus
962 2789 1070 2869 ipsum,

134 2873 273 2932 continuo
297 2890 313 2932 a
335 2870 421 2933 nobis
443 2874 476 2932 in
498 2873 577 2933 idern
601 2893 675 2953 quae
698 2876 792 2936 fertur
815 2877 910 2954 imago

133 2961 280 3039 pervenit,
303 2966 333 3020 et
355 2966 473 3021 nostros
497 2961 596 3023 oculos
619 2965 730 3023 reiecta
752 2965 867 3043 revisit,
1030 2986 1071 3027 aaa

66 3054 220 3126 235atque
244 3046 333 3108 alium
355 3066 426 3127 prae
451 3067 483 3109 se
505 3049 674 3129 propellens
697 3056 765 3111 aera
787 3050 889 3132 volvit,

67 3152 118 3201 270
135 3143 163 3195 et
184 3136 256 3195 lacit
277 3143 311 3196 nt
332 3138 416 3215 prius
439 3137 518 3198 hunc
541 3156 631 3217 quam
653 3157 685 3199 se
708 3139 872 3221 videamus,
895 3157 990 3219 eoque

135 3223 243 3284 distare
266 3223 302 3284 ab
325 3223 445 3303 speculo
468 3232 583 3287 tantum
607 3234 718 3288 semota
740 3227 865 3289 videtur.

135 3330 224 3391 quare
248 3314 337 3372 etiam
360 3320 448 3391 atque
472 3316 562 3375 ctiam
584 3317 706 3376 minime
728 3318 866 3377 mirarier
888 3324 934 3376 est
956 3335 1010 3395 par

560 3421 578 3460 a

70 3487 189 3556 oscillis
213 3506 288 3567 quae
313 3487 441 3549 reddunt
465 3490 655 3568 speculorum
677 3510 714 3552 ex
736 3510 864 3571 aequore
888 3493 997 3570 visum,
1032 3514 1073 3553 neo
