2484 3800
608 175 622 227 Ι
1099 174 1119 236 3

124 329 168 380 65
176 320 321 382 horribili
345 339 434 400 super
457 328 578 400 aspectu
601 320 774 381 mortalibus
798 322 925 403 instans,
1094 335 1119 375 co

124 418 166 466 60
183 413 314 490 primum
336 407 442 470 Graius
465 409 552 469 homo
576 408 709 469 mortalis
732 407 836 469 tollere
859 417 962 470 contra

185 505 232 558 est
254 496 354 558 oculos
377 515 467 558 ausus
489 499 663 576 primusque
687 496 833 557 obsistere
855 505 970 578 contra3

186 603 274 665 quem
296 604 393 664 neque
417 579 492 646 lama
515 586 604 646 deum
627 604 683 645 nec
705 585 827 646 fulmina
850 604 905 646 nec
928 587 1077 646 minitanti

184 692 337 735 murmure
361 675 537 752 compressit
560 672 685 755 caelum,
709 673 760 734 sed
785 690 819 732 eo
843 676 936 753 magis
960 692 1059 734 acrem

128 773 169 823 70
185 765 288 823 inritat
310 764 402 822 animi
424 765 577 842 virtutem,
601 762 758 840 effringere
781 768 815 821 ut
838 769 902 822 arta
1094 775 1119 815 ro

128 858 307 912 ornaturae
330 853 445 929 primus
467 855 620 928 portarum
644 848 770 910 claustra
794 851 917 928 cupiret.

186 957 257 1018 ergo
281 938 376 999 vivida
399 940 444 998 vis
467 939 558 998 animi
580 940 718 1018 pervicit,
741 945 771 997 et
793 945 876 997 extra

184 1029 333 1106 processit
355 1026 441 1105 longe
464 1025 643 1086 flammantia
666 1028 782 1085 moenia
805 1025 908 1086 mundi

186 1122 273 1194 atque
297 1132 384 1175 omne
407 1116 586 1174 immensum
608 1116 776 1192 peragravit
798 1120 897 1174 mente
921 1115 1091 1193 animoque3

129 1211 167 1264 75
182 1203 263 1264 unde
285 1203 378 1263 refert
400 1202 486 1263 nobis
509 1205 603 1262 victor
626 1202 696 1280 quid
719 1203 814 1280 possit
837 1204 922 1283 oriri,
1095 1214 1121 1254 τῦ

129 1301 165 1351 to
187 1292 257 1371 quid
281 1297 420 1370 nequeat,
443 1291 525 1350 finita
547 1296 679 1368 potestas
702 1290 830 1368 denique
853 1293 961 1368 cuique

187 1398 334 1459 quanam
357 1381 396 1439 sit
418 1381 531 1438 ratione
555 1385 643 1456 atque
666 1377 723 1438 alte
746 1380 891 1439 terminus
913 1379 1047 1438 haerens.

187 1485 278 1547 quare
301 1466 405 1545 religio
429 1466 554 1546 pedibus
578 1465 711 1526 subiecta
733 1467 866 1526 vicissim

187 1558 345 1635 opteritur,
368 1572 423 1615 nos
445 1561 589 1633 exaequat
611 1556 735 1614 victoria
757 1554 846 1615 caelo.

128 1655 170 1704 80
230 1643 304 1704 lllud
328 1646 360 1702 in
381 1643 429 1703 his
452 1642 542 1703 rebus
565 1660 682 1722 vereor,
705 1661 742 1703 ne
765 1643 840 1703 forte
863 1645 957 1703 rearis
1094 1655 1121 1694 80

130 1740 168 1792 75
186 1735 276 1811 impia
299 1739 329 1791 te
352 1733 475 1791 rationis
499 1733 575 1791 inire
599 1729 745 1791 elementa
766 1734 901 1809 viamque

187 1813 345 1899 indugredi
369 1818 498 1879 sceleris.
545 1819 623 1897 quod
647 1825 748 1879 contra
772 1822 889 1898 saepius
912 1818 962 1879 illa

186 1909 291 1987 religio
314 1910 430 1987 peperit
453 1907 600 1968 scelerosa
623 1914 710 1986 atque
733 1910 823 1987 impia
846 1909 929 1969 lacta.

186 1997 292 2058 Aulide
316 2014 373 2075 quo
397 2002 481 2073 pacto
505 1996 614 2055 Triviai
637 1998 761 2074 virginis
784 2014 864 2056 aram

130 2094 170 2144 85
185 2086 367 2164 Iphianassai
388 2091 546 2162 turparunt
569 2086 711 2162 sanguine
733 2084 818 2143 foede

131 2182 169 2231 80
188 2173 326 2234 ductores
349 2172 480 2231 Danaum
503 2172 623 2251 delecti,
645 2175 740 2250 prima
762 2174 901 2231 virorum.

188 2264 237 2322 cui
262 2258 350 2321 simul
373 2260 465 2320 infula
487 2262 635 2339 virgineos
659 2262 771 2320 circum
792 2259 859 2319 data
882 2265 1015 2336 comptus

188 2368 225 2410 ex
248 2356 373 2427 utraque
396 2350 462 2427 pari
485 2347 627 2409 malarum
650 2354 733 2427 parte
755 2348 916 2427 prolusast,

188 2444 219 2498 et
240 2444 386 2498 maestum
409 2435 586 2497 simulante
610 2454 675 2497 aras
698 2437 814 2496 adstare
836 2440 989 2515 parentem

131 2536 172 2587 90
191 2529 297 2607 sensit,
320 2531 350 2585 et
371 2525 450 2585 hunc
472 2532 594 2603 propter
616 2525 728 2585 ferrum
752 2523 848 2584 celare
870 2524 1036 2603 ministros,
1092 2536 1119 2575 eo

133 2622 169 2671 85
188 2621 368 2693 aspectuque
391 2631 445 2673 suo
468 2613 604 2673 lacrimas
628 2612 779 2673 effundere
802 2613 888 2693 civis,

188 2710 269 2763 muta
291 2708 373 2762 metu
395 2708 505 2762 terram
528 2700 653 2779 genibus
676 2702 833 2761 summissa
855 2698 980 2779 petebat.

189 2809 244 2850 nec
266 2792 393 2850 miserae
415 2790 557 2868 prodesse
580 2791 612 2850 in
635 2788 687 2849 tali
708 2796 843 2867 tempore
866 2787 968 2866 quibat

189 2878 266 2957 quod
289 2880 386 2957 patrio
408 2881 548 2956 princeps
571 2877 695 2938 donarat
716 2878 835 2936 nomine
858 2894 971 2955 regem:

134 2971 172 3025 95
189 2984 258 3026 nam
281 2964 394 3026 sublata
414 2968 510 3026 virum
528 2965 665 3025 manibus
682 2964 928 3042 tremibundaque
948 2964 984 3024 ad
1003 2982 1068 3023 aras
1094 2976 1120 3016 95

133 3062 169 3110 90
188 3053 356 3134 deductast,
378 3072 438 3113 non
461 3060 494 3114 ut
516 3052 652 3113 sollemni
674 3070 756 3113 more
780 3070 932 3113 sacrorum

188 3142 320 3222 perlecto
346 3149 447 3220 posset
470 3140 548 3202 claro
572 3144 707 3202 comitari
729 3140 911 3222 Hymenaeo,

189 3229 242 3291 sed
266 3236 344 3291 casta
367 3232 494 3310 inceste,
520 3229 651 3290 nubendi
673 3237 806 3309 tempore
830 3233 861 3289 in
884 3232 963 3308 ipso,

187 3319 285 3379 hostia
308 3318 478 3379 concideret
500 3325 628 3379 mactatu
650 3325 762 3378 maesta
783 3321 927 3397 parentis,

113 3414 172 3466 100
187 3409 285 3467 exitus
307 3413 341 3467 ut
364 3405 451 3467 classi
474 3406 544 3466 felix
567 3407 739 3487 faustusque
764 3407 891 3467 daretur.
1083 3419 1121 3457 1⁰0

132 3504 168 3553 95
187 3502 303 3557 tantum
326 3494 430 3575 religio
453 3497 549 3574 potuit
573 3497 696 3556 suadere
720 3495 871 3556 malorum.

875 3593 910 3647 1*
