2484 3800
583 169 637 222 Π’
1052 168 1094 232 57

160 317 336 379 vermiculos
359 319 491 398 parinmt,
515 319 584 396 quia
606 334 730 395 corpora
749 318 885 377 materiai

74 423 147 475 900
160 409 289 485 antiquis
312 424 349 465 ex
372 405 526 466 ordinibus
547 412 681 484 permota
703 423 777 465 nova
800 424 832 465 re
1056 418 1096 458 eoo

162 494 356 556 conciliantur
377 496 418 554 ita
441 500 475 555 ut
497 493 606 554 debent
629 494 764 553 animalia
787 494 877 571 gigni.

162 584 282 662 deinde,
305 601 342 642 ex
365 581 524 642 sensilibus
547 584 599 660 qui
621 581 729 642 sensile
752 599 839 660 posse
863 582 959 641 creari

79 690 144 740 000
162 674 358 751 constituunt,
380 689 470 749 porro
493 688 530 731 ex
552 669 618 731 aliis
642 672 753 730 sentire
777 671 870 729 suetis

586 777 602 815 a

161 847 261 908 mollia
283 865 351 907 cum
374 847 499 907 iaciunt:
522 864 591 907 nam
614 864 719 906 sensus
742 847 874 923 iungitur
897 846 993 904 omnis

82 953 146 1005 905
159 934 325 996 visceribus
347 937 446 995 nervis
469 936 565 1014 venis,
589 952 663 1013 quae
687 941 792 995 cuncta
813 933 946 993 videmus
1058 943 1098 985 905

162 1023 262 1084 mollia
284 1022 402 1084 mortali
425 1024 588 1083 consistere
612 1040 736 1100 corpore
760 1028 848 1082 creta.

162 1111 216 1173 sed
239 1118 338 1171 tamen
360 1117 424 1171 esto
447 1113 505 1171 iam
527 1129 615 1190 posse
639 1110 711 1170 haec
734 1116 852 1170 aeterna
875 1126 1009 1168 manere:

86 1218 143 1269 005
162 1218 270 1280 nempe
293 1206 392 1260 tamen
414 1198 523 1259 debent
545 1205 595 1259 aut
618 1216 738 1259 sensum
760 1199 854 1276 partis
877 1196 985 1257 habere

163 1296 214 1350 aut
237 1287 328 1347 simili
349 1289 420 1348 totis
443 1286 618 1347 animalibus
642 1304 707 1347 0000
730 1288 836 1364 putari.

87 1395 146 1447 910
163 1384 194 1437 et
216 1382 364 1455 nequeant
384 1393 439 1454 per
461 1394 494 1435 se
516 1383 615 1453 partes
639 1376 749 1434 'sentire
773 1379 936 1434 necessest:
1059 1386 1099 1426 910

163 1482 291 1542 namque
313 1460 414 1542 †alios
438 1481 543 1523 000000
565 1462 767 1523 membrorum
789 1463 903 1541 respuit
926 1462 1035 1541 omnis,

163 1571 220 1614 nec
242 1570 347 1612 manus
369 1570 385 1611 a
408 1551 495 1611 nobis
517 1552 595 1629 potis
619 1557 665 1611 est
688 1557 801 1611 secreta
823 1567 919 1628 neque
942 1548 1001 1609 ulla

88 1659 145 1711 elo
164 1642 298 1719 corporis
321 1641 440 1699 omnino
463 1657 583 1699 sensum
605 1657 674 1718 pars
698 1638 759 1699 sola
781 1645 892 1698 tenere.

164 1729 311 1808 linquitur
332 1734 366 1788 ut
388 1730 459 1799 totis
482 1726 680 1787 animantibus
703 1726 924 1787 adsimulentur.

89 1834 148 1887 915
166 1820 210 1878 sic
232 1816 335 1876 itidem
359 1834 432 1894 quae
457 1817 601 1875 sentimus
625 1817 735 1875 sentire
758 1820 923 1895 necessest,
1060 1825 1099 1865 92³

164 1905 246 1966 vitali
268 1912 302 1966 ut
323 1907 439 1984 possint
461 1906 628 1964 consentire
651 1903 783 1981 undique
807 1921 904 1963 sensu.
1060 1913 1100 1954 91⁶

167 1996 219 2073 qui
241 1999 380 2072 poterunt
402 1994 493 2071 igitur
515 2010 616 2052 rerum
638 1991 801 2070 primordia
823 1991 884 2050 dici

90 2100 146 2150 915
166 2089 197 2143 et
218 2081 271 2142 leti
292 2082 385 2140 vitare
408 2083 484 2160 vias,
507 2079 643 2140 animalia
666 2097 734 2139 cum
757 2081 829 2159 sint,

166 2177 254 2249 atque
277 2168 413 2229 animalia
436 2171 496 2228 sint
517 2167 692 2228 mortalibus
715 2185 773 2228 una
796 2161 979 2244 eademque?

89 2275 151 2328 920
165 2257 243 2336 quod
266 2263 365 2317 tamen
387 2263 420 2317 ut
441 2259 570 2335 possint,
592 2264 622 2316 at
645 2263 731 2316 coetu
753 2253 936 2332 concilioque

165 2346 209 2407 nil
231 2346 339 2406 sacient
360 2351 478 2423 praeter
499 2344 617 2422 uolgum
640 2343 814 2422 turbamque
837 2345 1033 2422 animantum,
1061 2354 1101 2395 ⁹2⁰

167 2433 292 2514 scilicet,
315 2440 349 2493 ut
369 2439 518 2511 nequeant
538 2432 673 2492 homines
696 2438 827 2493 armenta
849 2431 987 2510 seraeque

91 2525 246 2590 90010100
268 2539 333 2582 sese
355 2520 445 2581 ullam
467 2539 531 2580 rem
553 2523 675 2599 gignere
698 2520 909 2582 conveniendo.
1060 2531 1101 2572 922

167 2610 245 2690 quod
268 2611 295 2670 si
317 2610 393 2669 sorte
416 2627 502 2670 suum
524 2608 677 2669 dimittunt
699 2626 822 2688 corpore
846 2625 966 2668 sensum
1060 2620 1101 2660 sae

92 2715 154 2769 925
165 2706 254 2778 atque
273 2697 362 2758 alium
380 2699 509 2777 capiunt,
528 2697 598 2775 quid
617 2714 691 2775 opus
711 2697 766 2757 luit
780 2695 909 2756 adtribui
923 2694 953 2754 id
969 2694 1046 2773 quod
1060 2705 1100 2748 ara

168 2782 355 2847 detrahitur?
390 2792 453 2846 tum
474 2791 641 2863 praeterea,
664 2783 742 2862 quod
765 2783 891 2842 vidimus
915 2788 995 2863 ante,

168 2881 313 2954 quatenus
335 2876 367 2933 in
389 2872 485 2952 pullos
509 2871 642 2932 animalis
665 2873 775 2930 vertier
798 2888 851 2929 ova

94 2981 148 3032 925
167 2965 317 3024 cernimus
340 2961 475 3040 alituum,
497 2962 666 3038 vermisque
689 2959 845 3037 ell'ervere,
867 2963 978 3017 terram

166 3051 390 3130 intempestivos
413 3066 503 3127 quom
525 3055 613 3127 putor
637 3048 715 3124 cepit
737 3045 774 3105 ob
798 3044 916 3125 imbris,

94 3154 151 3208 930
165 3142 242 3200 scire
265 3139 335 3198 licet
357 3139 437 3215 gigni
459 3153 547 3215 posse
570 3154 607 3195 ex
629 3153 689 3194 non
712 3133 841 3194 sensibu'
865 3151 978 3194 000000.
1061 3145 1101 3185 980

211 3225 295 3296 Quod
318 3227 344 3286 si
366 3225 442 3285 lorte
466 3223 573 3302 aliquis
596 3223 687 3304 dicct,
711 3222 872 3303 dumtaxat,
896 3224 969 3282 oriri

165 3332 254 3393 posse
277 3332 313 3373 ex
335 3331 396 3374 non
418 3331 508 3372 sensu
530 3330 636 3372 sensns
660 3310 868 3391 mutabilitate,
967 3357 970 3364 .

93 3419 147 3468 eso
166 3409 217 3463 aut
233 3401 336 3480 ‘aliquo
359 3408 508 3480 tamquam
531 3407 630 3480 partu,
654 3416 711 3479 quo
734 3398 870 3478 proditur
893 3404 988 3478 extra,

164 3492 236 3552 huic
259 3492 330 3550 satis
353 3489 426 3551 illud
450 3490 507 3549 erit
528 3487 649 3566 planum
671 3487 768 3549 iacere
792 3494 878 3564 atque
900 3484 1039 3564 probare,
