2484 3800
161 154 205 219 66
643 149 684 201 ΠΙ

160 315 198 367 ao
217 307 247 361 at
269 306 371 360 eontra
393 315 539 377 nusquam
562 300 705 375 apparent
726 293 886 353 Acherusia
908 286 1023 367 templa

215 383 225 470 {i
238 406 295 448 nee
315 386 403 447 tellus
425 386 522 446 obstat
544 386 617 463 quin
639 384 737 443 omnia
760 380 966 459 dispiciantur,

217 474 272 535 sub
294 474 420 553 pedibus
443 489 645 553 quaecumque
660 471 745 530 inira
766 486 821 547 per
842 469 929 526 inane
953 455 1123 543 gerentoni

215 564 263 623 bis
285 562 341 622 tibi
361 580 409 621 me
431 561 521 621 rebus
545 559 688 638 quaedam
710 558 809 617 divina
830 553 964 634 voluptas

215 652 343 730 percipit
365 657 451 728 atque
474 649 593 729 horror,
615 646 694 726 quod
717 647 761 705 sio
783 650 887 704 natura
910 647 961 701 tua
983 641 1014 699 vi

163 754 199 804 oo
217 746 277 799 tam
299 738 453 798 manifesta
474 743 578 816 patens
601 753 639 794 ex
661 735 742 793 omni
762 738 846 811 parte
869 734 1017 789 reteotast.

261 824 299 885 Et
321 828 459 904 quoniam
480 823 580 902 docui,
603 829 776 883 cunctarum
798 817 919 879 exordia
940 832 1042 877 rerum

218 913 313 992 qualia
336 916 397 974 sint
418 920 449 973 et
470 929 559 990 quam
580 912 670 970 variis
693 909 831 968 distantia
853 906 958 965 formis

218 1008 322 1081 sponte
345 1019 399 1060 sua
420 998 543 1060 volitent
564 1005 686 1058 aeterno
707 998 822 1076 percita
843 1000 940 1073 motu,

219 1107 311 1167 quove
333 1088 421 1147 modo
442 1089 558 1166 possint
579 1102 628 1145 res
651 1103 688 1144 ex
709 1085 757 1144 bis
780 1098 914 1162 quaeque
939 1079 1049 1158 creari,

164 1190 200 1239 oo
217 1176 306 1237 basoe
328 1174 491 1235 secuudum
512 1192 562 1233 res
584 1174 676 1231 animi
697 1179 802 1232 natura
824 1169 942 1228 videtur

218 1270 304 1341 atque
327 1265 440 1322 animae
463 1259 599 1321 olaranda
620 1262 696 1320 meis
718 1262 778 1318 iam
799 1256 936 1317 versibus
960 1272 1042 1332 esse,

218 1357 249 1410 et
269 1358 367 1410 metus
388 1349 438 1409 ille
460 1349 540 1408 ioras
560 1365 703 1426 praeceps
725 1346 903 1405 Aebenmtis
927 1342 1071 1420 agendus,

218 1438 349 1498 funditus
371 1437 528 1496 humanam
550 1437 603 1513 qui
624 1437 714 1494 vitam
736 1433 837 1493 turbat
859 1431 896 1491 ab
918 1432 994 1510 imo,

219 1527 316 1583 omnia
338 1524 509 1584 subimdens
530 1525 637 1582 mortis
658 1524 792 1601 nigrore,
814 1538 911 1597 neque
933 1518 1025 1577 ullam

164 1626 202 1675 40
219 1630 285 1671 esse
306 1611 485 1690 voluptatem
506 1610 650 1689 liquidam
670 1626 835 1687 puramque
860 1606 1012 1684 relinquit

218 1715 287 1757 nam
309 1697 387 1775 quod
410 1715 496 1775 saepe
518 1698 653 1757 homines
674 1696 795 1756 morbos
817 1696 912 1773 magis
934 1712 1002 1754 esse
1023 1686 1158 1751 timendos
1234 1742 1235 1759 ,

218 1786 414 1862 infamemque
436 1785 536 1844 ierunt
556 1787 647 1845 vitam
670 1802 758 1863 quam
779 1783 901 1843 Tartara
923 1781 990 1861 leti,

219 1879 250 1932 et
272 1890 305 1932 se
327 1874 405 1932 seire
426 1874 518 1932 animi
538 1880 674 1933 naturam
696 1872 850 1950 sanguinis
873 1888 954 1949 esse,

219 1967 270 2021 ant
291 1962 381 2019 etiam
401 1962 494 2037 venti,
516 1963 544 2019 si
564 1961 624 2020 sert
644 1963 686 2020 ita
708 1961 785 2019 torte
806 1957 957 2038 voluntas,

164 2060 202 2110 46
218 2066 275 2107 neo
295 2065 417 2125 prosum
439 2050 596 2126 quiequam
617 2055 736 2106 nostrae
758 2049 883 2106 rationis
905 2062 1009 2123 egere,

217 2135 288 2194 bine
308 2134 380 2194 lieet
400 2135 533 2195 advertas
555 2137 686 2194 animum
706 2137 801 2212 magis
824 2135 923 2193 omnia
945 2131 1042 2192 laudis

220 2224 324 2282 iactari
345 2241 433 2283 eausa
455 2240 543 2300 quam
565 2222 644 2300 quod
666 2240 716 2281 res
738 2224 803 2300 ipsa
824 2221 976 2300 probetur.

221 2317 354 2369 extorres
374 2309 454 2370 idem
475 2312 570 2387 patria
592 2308 738 2387 longeque
762 2309 855 2386 fugati

219 2404 380 2475 conspeetu
400 2415 437 2456 ex
458 2396 625 2476 bominum,
646 2397 758 2455 foedati
779 2398 905 2456 erimine
927 2397 1025 2474 turpi,

165 2497 203 2545 oo
219 2483 356 2543 omnibus
368 2486 519 2544 aerumnis
532 2483 640 2543 adieeti
662 2482 805 2563 denique,
827 2487 943 2562 vivunt,

220 2577 251 2629 et
271 2589 456 2648 quocumque
478 2577 577 2630 tamen
598 2572 702 2630 miseri
723 2589 832 2630 venere
854 2577 1014 2649 parentant

219 2664 251 2716 et
270 2659 370 2734 nigras
390 2664 520 2716 mactant
539 2657 669 2735 pecudes
692 2665 722 2717 et
742 2657 873 2717 manibu’
895 2658 973 2716 divis

220 2743 342 2803 inferias
363 2747 497 2822 minant,
517 2744 670 2822 multoque
692 2747 725 2804 in
746 2745 837 2805 rebus
860 2744 978 2805 acerbis

220 2832 318 2889 aerius
339 2830 495 2892 advertunt
515 2833 629 2890 animos
651 2831 687 2890 ad
709 2831 893 2910 religionem

166 2929 203 2978 ⁵5
220 2934 279 2993 quo
301 2919 395 2993 magis
416 2920 448 2976 in
471 2917 569 2977 dubiis
589 2919 743 2978 bominem
765 2927 899 2997 spectare
921 2918 1048 2997 periclis

220 3005 357 3062 convenit
377 3003 568 3082 adversisque
590 3008 621 3065 in
644 3005 735 3065 rebus
758 3024 884 3067 noscere
907 3009 961 3084 qui
983 3009 1034 3066 sit

219 3107 290 3148 nam
310 3106 396 3147 uerae
417 3108 504 3150 voees
525 3099 590 3152 tum
611 3093 730 3152 demum
752 3101 872 3172 pectore
896 3093 933 3153 ab
956 3096 1019 3154 imo

220 3175 393 3251 eliciuntur3
414 3175 560 3255 deripitur
580 3198 722 3258 persona,
743 3189 844 3240 manet
865 3200 925 3240 res

220 3262 349 3340 denique
371 3265 507 3322 avarities
528 3273 559 3325 et
579 3267 726 3328 bonorum
747 3287 835 3328 eaeea
857 3269 982 3348 cupido,

167 3362 204 3411 eo
221 3367 296 3426 quae
317 3349 445 3406 miseros
463 3349 600 3413 homines
621 3363 731 3434 coguut
751 3356 966 3416 transcendere
989 3357 1068 3418 fines

221 3438 297 3496 iuris
319 3442 350 3494 et
371 3435 521 3495 interdum
542 3443 639 3501 socios
662 3442 808 3504 scelerum
830 3451 919 3523 atque
942 3447 1105 3506 ministros
