2484 3800
572 140 598 194 V
1021 140 1083 217 157

150 293 181 347 99
203 287 313 365 partim
335 284 422 364 plano
447 293 561 347 scatere
585 294 672 366 atque
696 250 853 366 erumpere
876 306 987 367 campo.

75 392 130 441 999
148 374 278 435 necdum
300 391 349 434 res
372 376 434 453 igni
456 374 571 436 scibant
593 382 720 436 tractare
743 394 840 454 neque
863 379 908 437 uti

73 469 131 521 951
149 462 278 543 pellibus
302 469 332 522 et
355 461 457 541 spoliis
481 481 589 542 corpus
612 466 721 524 vestire
744 463 888 545 ferarum,

151 552 204 611 sed
227 568 348 611 nemora
371 558 457 630 atque
482 569 567 611 cavos
590 553 699 613 montis
724 550 869 630 silvasque
888 552 1085 633 colebantur
1150 598 1157 613 .

151 646 182 700 ct
204 640 326 700 frutices
349 640 428 699 inter
451 638 616 700 condebant
639 638 772 719 squalida
794 639 939 722 membra,

150 726 275 788 verbera
297 734 452 787 ventorum
475 729 567 788 vitare
591 727 755 807 imbrisque
779 730 880 789 coacti.

77 832 132 881 945
151 833 208 876 nec
231 833 386 876 commune
408 814 519 876 bonum
541 823 678 895 poterant
699 823 847 896 spectare,
868 834 965 896 neque
987 816 1056 877 ullis

75 910 137 962 956
153 902 287 964 moribus
309 905 388 964 inter
410 921 442 963 se
467 903 583 964 scibant
604 923 660 965 nec
685 904 799 983 legibus
821 906 873 966 uti.

154 992 231 1071 quod
254 992 362 1070 cuique
385 990 531 1053 obtulerat
552 992 679 1077 praedae
702 993 832 1073 fortuna,
855 991 968 1053 ferebat
1045 1015 1085 1056 999

153 1087 258 1159 sponte
281 1098 334 1140 sua
357 1079 414 1140 sibi
437 1082 563 1160 quisque
586 1079 685 1141 valere
707 1088 737 1141 et
758 1083 857 1142 vivere
875 1081 987 1142 doctus.

153 1175 184 1228 et
205 1167 304 1228 Venus
325 1170 358 1228 in
381 1168 462 1229 silvis
485 1167 626 1247 iungebat
648 1187 772 1247 corpora
794 1177 955 1230 amantum:

78 1270 135 1321 950
154 1255 329 1317 conciliabat
352 1258 431 1316 enim
454 1256 501 1318 vel
523 1263 625 1317 mutua
648 1275 794 1336 quamque
817 1257 923 1337 cupido

76 1349 136 1401 961
154 1344 201 1405 vel
223 1343 351 1405 violenta
373 1347 430 1404 viri
452 1347 497 1405 vis
520 1352 607 1423 atque
630 1347 754 1424 inpensa
776 1343 867 1407 libido

153 1432 201 1494 vel
222 1433 364 1514 pretinm,
386 1431 507 1511 glandes
531 1440 617 1512 atque
642 1432 736 1493 arbita
758 1433 804 1493 vel
825 1436 890 1512 pira
912 1433 996 1495 lecta.
1047 1454 1087 1495 oss

155 1528 185 1582 et
206 1538 346 1581 manuum
369 1524 444 1582 mira
466 1521 535 1581 ireti
557 1524 665 1582 virtute
688 1521 855 1601 pedumque
1046 1544 1086 1585 999

155 1608 399 1670 consectabantur
422 1609 568 1669 silvestria
591 1608 687 1671 saecla
709 1610 852 1691 ferarum,
1046 1633 1086 1673 99

80 1711 136 1761 955
154 1696 318 1758 missilibus
342 1696 420 1758 saisss
443 1704 474 1757 99
495 1715 601 1775 magno
624 1698 755 1777 pondere
779 1697 884 1759 clavae.
1047 1720 1087 1761 ors

81 1790 139 1842 965
155 1785 304 1864 multaque
326 1784 495 1868 vincebant,
517 1784 649 1847 vitabant
670 1805 763 1865 pauca
784 1786 920 1868 latebris;
1046 1808 1088 1849 999

156 1875 368 1953 saetigerisque
391 1892 478 1954 pares
497 1873 589 1935 subus
614 1874 760 1936 silvestria
781 1874 912 1937 membra
1047 1897 1087 1938 999

155 1963 234 2024 nuda
256 1961 364 2023 dabant
384 1969 496 2043 terrae,
518 1970 664 2024 nocturno
686 1970 819 2042 tempore
842 1967 932 2043 capti,
1048 1986 1088 2026 oro

83 2057 141 2109 970
156 2053 269 2112 circum
292 2069 324 2110 se
347 2049 425 2110 loliis
449 2069 483 2111 ac
505 2051 660 2112 frondibus
682 2050 872 2113 involventes.

84 2153 212 2205 960999
234 2137 373 2218 plangore
397 2138 476 2199 diem
497 2157 604 2218 magno
629 2137 780 2219 solemque
801 2158 855 2218 pcr
878 2157 964 2218 agros

157 2225 338 2308 quaerebant
359 2227 457 2305 pavidi
478 2226 610 2306 palantes
633 2229 730 2287 noctis
752 2229 783 2287 in
806 2225 934 2308 umbris,

158 2315 210 2376 sed
233 2317 315 2375 taciti
337 2313 543 2394 respectabant
566 2333 728 2394 somnoque
752 2314 873 2395 sepulti,

115 2437 119 2446 ·
158 2403 228 2464 dum
251 2421 336 2464 rosea
358 2402 421 2463 lace
445 2402 489 2462 sol
511 2403 636 2465 inferret
658 2403 769 2464 lumina
792 2402 885 2464 caelo:
1049 2425 1088 2466 oro

84 2497 175 2552 9759
196 2493 293 2570 parvis
317 2490 395 2569 quod
419 2493 498 2551 enim
521 2499 699 2578 consuerant
720 2510 843 2552 comere
866 2509 984 2570 semper

86 2593 139 2645 965
159 2578 271 2640 9199999
293 2577 431 2640 tenebras
454 2586 484 2639 99
506 2579 602 2639 lucem
625 2586 758 2659 tompore
781 2581 874 2660 gigni,

158 2686 218 2728 non
241 2674 303 2728 erat
325 2674 358 2728 ut
380 2668 445 2728 lieri
467 2675 589 2746 possent
610 2669 747 2728 mirarier
768 2686 907 2747 umquam

159 2774 214 2816 nec
236 2755 383 2835 diliidcre,
406 2772 443 2815 ne
467 2762 561 2816 terras
585 2763 704 2816 aeterna
725 2762 841 2817 teneret
1051 2778 1091 2818 999

158 2862 217 2903 nox
239 2845 467 2923 inperpetuum
490 2843 620 2905 detracto
644 2843 756 2905 lumine
780 2842 858 2904 solis.

86 2937 146 2990 999
160 2932 212 2992 sed
234 2933 327 3010 magis
350 2930 421 2992 illud
446 2939 509 2992 erat
531 2950 632 3013 curae,
655 2933 732 3011 quod
756 2931 851 2992 saecla
874 2931 1003 2993 ierarum

87 3036 141 3087 evo
160 3020 296 3080 infestam
318 3021 436 3080 miseris
459 3019 604 3081 iaciebant
627 3039 714 3099 saepe
738 3022 880 3099 quictem:

160 3110 304 3186 eiectique
327 3107 413 3168 domo
436 3107 588 3186 fugiebant
610 3127 697 3170 saxea
719 3115 797 3170 tecta

160 3197 321 3275 spumigeri
344 3197 406 3256 suis
429 3195 555 3256 adventu
577 3195 724 3277 validique
747 3197 855 3278 leonis,
1053 3217 1093 3258 oss

159 3291 246 3363 atque
269 3286 446 3363 intempesta
469 3282 612 3346 cedebant
635 3293 721 3346 nocte
743 3292 883 3364 paventes

85 3377 145 3431 995
157 3371 325 3451 hospitibus
348 3375 442 3433 saevis
466 3375 590 3434 instrata
613 3373 720 3434 cubilia
743 3373 855 3434 ironde.

190 3457 255 3523 994
270 3488 311 3510 =
326 3460 402 3543 9673
422 3459 485 3523 ooo
501 3488 543 3511 =
558 3459 633 3544 999
653 3460 716 3525 999
733 3489 773 3512 =
789 3463 852 3525 999
870 3469 900 3522 et
917 3461 988 3524 999.
