2484 3800
177 179 255 232 XXX
540 180 823 237 Pnotndolfflttt

180 323 364 408 992-995,
391 327 431 387 111
454 326 638 410 331-349,
661 327 846 409 632-667,
869 325 1054 410 840-858,
1076 325 1198 390 909-

180 411 253 496 915,
274 415 312 474 IV
334 413 518 498 soi-346,
541 413 726 497 525-531,
748 415 934 498 688-703,
955 418 979 477 V
1001 415 1204 480 842-864.

172 503 322 590 ,accedunt
336 503 362 564 l.
385 504 422 564 Vl
443 523 487 566 vv.
511 503 687 569 833-840
708 514 740 566 et
761 503 945 568 941-943.

267 591 302 652 ln
320 610 423 653 eorum
442 597 582 654 carminis
600 594 802 655 membrorum
820 613 953 676 numero,
972 613 1047 674 quae
1068 595 1201 677 seclusi,

180 688 249 741 sunt
277 699 350 759 quae
381 681 431 742 alii
463 681 519 742 alio
546 683 766 762 transponendo
793 686 934 744 carminis
962 686 1201 745 continuitatem

179 787 211 829 se
243 771 401 830 restituere
428 788 515 849 posse
543 770 601 831 sibi
628 773 684 831 visi
712 773 779 832 sint
827 773 907 832 inter
934 789 1009 850 quos
1035 771 1199 851 Adolplrns

178 855 417 936 llannengiesser
443 858 639 920 nominandus
666 867 724 940 est,
751 862 804 938 qui
829 860 867 920 de
892 859 1023 920 Lucretii
1049 861 1199 921 versibus

177 945 405 1026 transponendis
421 949 541 1026 scripsit
554 946 709 1026 Gottingae
726 945 819 1010 1878.
855 966 911 1026 ego
928 967 999 1009 vero
1012 948 1069 1009 hoc
1081 951 1199 1028 utique

177 1037 270 1116 tenui,
286 1041 329 1116 ut,
352 1033 446 1096 sicubi
467 1035 590 1097 dubium
612 1043 693 1096 esset
714 1043 834 1097 rectene
857 1036 948 1115 aliqui
969 1054 1073 1097 versus
1097 1037 1198 1098 alium

177 1125 210 1183 in
241 1123 338 1184 locum
366 1124 598 1185 transferrentur
625 1143 732 1206 necne,
759 1124 943 1185 recluderem
970 1127 1070 1204 potius
1098 1143 1196 1204 qnam

178 1211 234 1272 alio
252 1214 381 1290 migrare
395 1211 538 1273 iuberem.
569 1231 638 1273 nam
656 1213 818 1274 cavendum
831 1212 1050 1294 videbamque
1068 1213 1197 1293 longius

179 1318 266 1378 quum
285 1307 407 1378 etopus
426 1307 457 1360 et
473 1319 527 1379 par
548 1308 619 1382 erat,
638 1320 656 1360 a
673 1301 780 1361 tradito
799 1303 1062 1380 argumentationis
1079 1303 1196 1364 ordine

177 1387 376 1448 recederetur.
411 1389 489 1466 quod
512 1390 576 1448 cavi
595 1407 662 1449 cum
680 1389 752 1449 alias
770 1397 833 1450 tum
851 1392 883 1450 in
901 1389 971 1450 libri
987 1392 1070 1450 tertii
1086 1391 1195 1452 media

178 1482 272 1556 parte,
289 1475 341 1536 ubi
361 1475 556 1536 Susamihlius
574 1476 688 1537 nullum
706 1478 769 1538 lere
787 1478 995 1557 disputationis
1017 1477 1193 1540 membrum

178 1582 231 1625 suo
259 1563 324 1624 loco
352 1565 472 1644 retinet,
495 1565 537 1624 ita
561 1570 673 1646 tamen,
695 1573 730 1625 nt
755 1567 819 1645 ipse
847 1566 996 1646 duplicem
1022 1585 1089 1627 esse
1117 1576 1192 1648 apte

177 1658 276 1733 partes
308 1651 485 1731 disponendi
511 1654 587 1713 viam
617 1652 771 1734 concedat,
797 1653 897 1733 philol.
924 1653 1026 1714 XXVII
1052 1652 1096 1716 49
1119 1675 1192 1735 sqq.

177 1743 275 1820 itaque
295 1758 359 1820 ego,
376 1747 410 1800 ut
428 1743 459 1800 in
477 1758 510 1800 re
529 1742 726 1802 incertissima
745 1774 783 1784 -
805 1761 873 1802 nam
891 1741 970 1803 alind
988 1750 1105 1822 poterat
1123 1745 1191 1805 dia-

177 1829 300 1890 lecticus
327 1831 360 1888 in
381 1828 535 1909 partiendo
562 1835 592 1889 et
614 1829 797 1909 disponendo
821 1833 905 1911 sequi
926 1830 1007 1891 aliud
1030 1839 1117 1912 poeta
1144 1867 1190 1876 -

177 1917 219 1978 ibi
248 1936 265 1977 a
296 1916 370 1979 locis
396 1917 624 1996 transponendis
653 1937 701 1979 me
729 1918 872 2000 abstinui,
898 1922 958 1981 nisi
985 1921 1063 1998 quod
1091 1921 1190 1983 Lach-

176 2024 317 2066 mannum
345 2012 463 2066 secutus
491 2023 557 2066 sum
583 2026 627 2066 vv.
656 2005 830 2070 686-689
858 2010 937 2068 inter
963 2005 1030 2070 694
1062 2016 1092 2069 et
1117 2008 1190 2072 695

177 2097 367 2154 inserentem.
408 2101 478 2154 sunt
496 2112 565 2154 vero
589 2097 678 2155 etiam
702 2095 775 2156 aliae
798 2095 955 2156 nonnullae
979 2095 1084 2157 inille
1107 2096 1189 2159 libro

176 2184 422 2262 transpositiones
448 2181 485 2243 ab
513 2181 650 2243 omnibus
676 2183 829 2265 probatae,
853 2183 1021 2263 dequibus
1048 2185 1097 2245 hic
1124 2187 1188 2247 dici

176 2288 250 2351 opus
272 2288 332 2331 non
354 2277 408 2331 est.

263 2358 351 2420 Plura
377 2361 410 2419 in
437 2362 544 2420 ceteris
571 2358 657 2420 libris
684 2363 866 2440 transposui,
894 2368 944 2421 aaut
971 2362 1187 2423 Susemiblium

175 2447 432 2517 Rockemidlerum
448 2442 613 2525 Bergkium
630 2446 806 2508 llumonem
824 2448 1090 2528 Stuerenburgium
1111 2451 1186 2511 alios

177 2542 296 2597 secutus
315 2542 366 2597 aut
383 2538 446 2614 ipse
466 2537 511 2595 rei
529 2542 639 2596 auctor.
681 2538 757 2596 scias
774 2554 845 2595 vero
864 2554 911 2596 me
929 2556 1069 2598 versuum
1086 2546 1185 2600 trans-

176 2625 357 2703 positionum
371 2625 533 2703 antiquitus
547 2623 583 2683 ab
598 2623 735 2684 omnibns
748 2624 938 2703 probatarum
951 2645 989 2686 ne
1003 2626 1053 2687 hic
1063 2628 1184 2705 quidem

175 2712 355 2772 mentionem
374 2712 479 2772 lacere.
520 2714 552 2771 in
571 2714 669 2791 primo
686 2714 778 2790 igitur
796 2711 871 2772 libro
891 2732 958 2774 cum
975 2714 1133 2777 -Stuerenb
1153 2723 1185 2777 et

176 2800 258 2859 Bkm.
272 2817 316 2859 vv.
331 2796 396 2861 205
410 2818 473 2878 sqq.
491 2807 559 2879 post
573 2797 639 2860 214
655 2833 696 2842 —
713 2802 746 2859 in
764 2802 1043 2880 transpositionibus
1057 2803 1184 2865 Leiden-

176 2890 254 2949 sium
272 2889 404 2949 numeris
422 2894 499 2969 utor,
520 2890 571 2967 qui
589 2888 679 2948 iidem
699 2896 768 2949 sunt
785 2888 1014 2951 Lachmanniani
1029 2925 1070 2934 —
1085 2899 1183 2953 trans-

175 2978 271 3057 posui,
293 2993 331 3036 nc
355 2974 481 3055 capitulo
505 2978 582 3036 iusta
605 2976 735 3037 clausula
755 2977 880 3038 deesset.
916 2981 988 3038 item
1006 2976 1182 3043 577-583

176 3072 243 3125 ante
262 3060 325 3126 551
346 3063 493 3145 collocavi,
511 3066 692 3143 argumentis
707 3084 723 3125 a
738 3065 916 3126 Susemihlio
930 3068 962 3126 in
975 3067 1074 3146 philol.
1089 3067 1182 3128 XXlll

176 3148 241 3215 625
265 3171 307 3232 sq.
330 3152 453 3231 prolatis
479 3152 592 3213 duetus.
639 3155 671 3213 in
694 3153 787 3214 altero
810 3154 952 3215 libro-vv.
975 3152 1042 3216 454
1065 3164 1095 3217 et
1117 3153 1182 3218 455

175 3241 273 3301 locum
303 3247 418 3301 mutare
446 3242 533 3322 iussi,
560 3243 632 3301 item
659 3238 834 3304 464-477
863 3244 941 3302 inter
966 3239 1034 3305 454
1060 3251 1090 3304 et
1116 3242 1180 3306 456

176 3330 324 3410 collocavi,
344 3324 530 3408 655-659,
548 3325 614 3392 680
636 3338 704 3409 post
726 3326 800 3412 651,
819 3327 994 3393 817-825
1017 3339 1084 3392 ante
1110 3330 1180 3413 195,

176 3416 240 3479 923
261 3425 329 3478 ante
348 3414 423 3497 915,
443 3413 528 3477 1139
548 3435 590 3496 sq.
608 3426 678 3497 post
697 3416 792 3499 1143,
815 3437 858 3478 vr.
881 3418 1008 3499 denique
1033 3417 1119 3484 1168
1138 3440 1179 3500 sq.

174 3514 242 3586 post
261 3503 356 3587 1172,
375 3524 500 3585 quarum
524 3507 655 3566 omnium
678 3508 940 3586 transpositionum
963 3526 1060 3587 neque
1082 3512 1179 3570 minus
