2484 3800
597 177 625 230 Π
1065 174 1110 241 55

177 324 230 386 scd
252 326 342 385 variis
365 325 468 383 formis
491 327 638 385 variantes
660 324 748 385 edere
770 331 875 386 tactus.
1069 337 1110 377 ⁸1⁶

89 416 250 492 &coquin
273 415 361 474 ctiam
384 418 492 491 quanto
515 415 547 473 in
569 420 668 492 partes
691 430 740 473 res
764 431 896 491 quaeque
919 414 1048 472 minutas
1069 425 1110 466 aas

177 501 351 562 distrahitur
372 502 480 580 magis,
503 501 558 561 hoc
580 503 674 579 magis
696 508 743 561 est
764 508 798 561 nt
820 519 942 562 cernere
965 501 1062 580 possis

94 605 157 656 325
177 606 352 651 evanescere
374 588 515 668 paulatim
538 591 705 668 stinguique
729 588 870 670 colorem3

177 684 211 739 ut
233 678 267 738 tit
288 675 340 737 ubi
361 679 393 736 in
415 695 518 756 parvas
540 679 634 757 partis
656 678 835 756 discerpitur
856 684 1003 760 austrum;

100 784 163 837 830
175 784 308 846 purpura
330 767 546 844 poeniceusque
570 765 651 826 color
673 765 846 826 clarissimu’
869 766 974 847 multo,
1070 780 1111 821 am

178 854 282 915 filatim
304 872 372 914 cum
394 853 608 934 distractumst,
631 854 813 934 disperditur
835 856 943 934 omnis3

177 960 301 1004 noscere
323 948 358 1002 ut
378 941 448 1002 hinc
470 943 566 1021 possis
589 944 674 1021 prius
697 960 814 1003 omnem
837 942 936 1002 efflare
960 941 1088 1003 colorem

102 1049 160 1100 880
178 1029 351 1112 particulas,
373 1048 461 1108 quam
484 1030 637 1091 discedant
659 1030 695 1090 ad
718 1033 830 1090 semina
852 1048 960 1090 rerum.

221 1118 374 1178 Postremo
399 1120 537 1196 quoniam
559 1136 619 1179 non
642 1120 740 1179 omnia
762 1137 886 1198 corpora
908 1136 1009 1178 vocem
1111 1195 1114 1199 ¹

102 1224 164 1276 835
178 1209 297 1267 mittere
320 1206 457 1266 concedis
479 1223 576 1286 neque
599 1207 733 1286 odorem,
754 1214 911 1286 propterca
933 1207 967 1266 m
1071 1219 1112 1261 aas

179 1303 293 1356 utnon
316 1294 452 1355 omuibus
475 1293 626 1354 adtribuas
649 1296 763 1355 sonitus
786 1302 816 1355 et
838 1294 957 1355 odores:

180 1386 224 1444 sic
246 1382 340 1443 oculis
362 1385 501 1461 quoniam
523 1400 583 1443 non
607 1385 705 1443 omnia
727 1401 850 1444 cernere
874 1384 1004 1464 quimus,

102 1474 259 1539 conscire
282 1470 351 1531 licet
374 1470 516 1549 quaedam
538 1478 598 1531 tam
621 1477 756 1532 constare
779 1470 851 1531 orba
873 1471 970 1531 colore

179 1577 268 1639 quam
291 1561 354 1619 sine
377 1559 467 1619 odore
490 1558 548 1619 ullo
572 1559 714 1637 quaedam
738 1562 894 1638 sonituque
917 1566 1042 1641 remota,

103 1665 163 1717 840
177 1666 233 1709 nec
255 1649 353 1706 minus
375 1646 447 1708 haec
470 1648 601 1707 animum
622 1665 800 1725 cognoscere
818 1665 905 1727 posse
925 1665 1057 1726 sagacem
1071 1661 1112 1702 am

181 1753 268 1815 quam
291 1753 365 1813 quac
388 1740 457 1796 sunt
479 1733 545 1795 aliis
568 1734 658 1796 rebus
680 1737 792 1815 privata
814 1743 924 1796 notare.

225 1822 283 1884 Sed
305 1841 342 1883 nc
365 1823 440 1883 torte
462 1830 547 1903 putes
571 1823 633 1882 solo
657 1823 780 1903 spoliata
803 1823 900 1884 colore

104 1930 162 1981 840
180 1931 303 1992 corpora
325 1914 419 1991 prima
441 1930 574 1992 manere,
596 1914 686 1972 etiam
709 1920 822 1973 secreta
844 1916 957 1992 teporis

181 2007 250 2062 sunt
271 2018 305 2061 ac
327 2000 445 2079 trigoris
469 2002 587 2060 omnino
611 2000 756 2080 calidique
778 2004 908 2080 vaporis,

103 2105 165 2159 845
179 2096 210 2150 et
231 2090 329 2149 sonitu
352 2087 452 2149 sterila
474 2094 505 2149 ct
527 2106 598 2150 suco
621 2090 720 2150 ieiuna
742 2090 891 2169 feruntur,
1072 2102 1112 2142 ⁸4⁵
1192 2100 1197 2109 ·

180 2195 235 2237 nec
258 2178 368 2237 iaciunt
390 2175 482 2237 ullum
504 2178 658 2255 proprium
681 2177 717 2237 de
736 2195 864 2255 corpore
887 2176 1016 2235 odorem.

181 2268 259 2326 sicut
280 2265 439 2325 amaracini
460 2263 599 2325 blandum
622 2271 789 2343 stactaeque
812 2264 957 2343 liquorem

105 2370 162 2421 345
181 2361 212 2413 et
233 2353 319 2413 nardi
339 2352 456 2433 dorem,
478 2360 580 2413 nectar
602 2355 654 2431 qui
676 2352 797 2413 naribus
819 2353 909 2433 halat,

183 2459 250 2503 cum
273 2441 368 2501 facero
392 2442 542 2522 instituas,
565 2459 632 2501 cum
655 2443 759 2519 primis
783 2458 923 2520 quaerere
946 2458 1000 2519 par
1023 2446 1081 2521 est,

106 2545 168 2599 850
181 2530 276 2610 quoad
298 2528 368 2589 licet
390 2547 423 2589 ac
446 2530 542 2607 possis
565 2531 711 2609 reperire,
733 2528 872 2590 inolentis
894 2528 964 2588 olivi
1072 2541 1114 2583 eso

183 2625 331 2697 naturam,
353 2617 462 2678 nullam
486 2635 560 2696 quae
583 2619 680 2677 mittat
701 2616 822 2678 naribus
846 2634 958 2697 auram,

182 2724 271 2784 quam
292 2707 413 2765 minime
435 2713 469 2764 ut
491 2707 586 2784 possit
606 2708 716 2765 mixtos
738 2707 770 2765 in
792 2723 916 2784 corpore
939 2705 1044 2765 odores
1156 2747 1164 2760 .

107 2810 164 2859 8⁶0
183 2801 397 2872 concoctosque
421 2811 473 2854 suo
497 2800 682 2854 contractans
703 2793 827 2872 perdere
850 2795 926 2873 viro,

181 2888 304 2962 propter
325 2882 447 2961 eandem
469 2880 534 2943 rem
556 2880 665 2941 debent
685 2882 847 2960 primordia
869 2899 969 2943 rerum

109 2986 167 3038 855
180 2988 240 3030 non
263 2969 402 3031 adhibere
425 2988 512 3030 sunm
534 2970 691 3047 gignundis
714 2969 803 3030 rebus
826 2970 960 3051 odorem,
1074 2983 1115 3024 aas

181 3076 238 3119 nec
261 3060 403 3139 sonitum,
426 3061 563 3136 quoniam
585 3057 628 3117 nil
651 3057 687 3118 ab
711 3076 743 3117 se
765 3060 882 3118 mittere
905 3065 1042 3139 possunt,

180 3164 236 3206 nec
260 3146 349 3206 simili
372 3148 485 3207 ratione
509 3164 644 3225 saporem
667 3146 793 3224 denique
817 3163 993 3225 quemquam

109 3250 163 3300 855
181 3252 237 3295 nec
264 3235 357 3313 frigus
385 3252 479 3313 neque
507 3236 579 3294 item
601 3233 728 3295 calidum
751 3234 940 3314 tepidumque
963 3252 1115 3314 vaporem,

182 3330 294 3403 cetera,
318 3341 391 3401 quac
415 3325 569 3404 comitant,
591 3329 691 3383 tamen
714 3330 748 3383 ut
769 3322 903 3383 mortalia
922 3329 1069 3402 constent,

108 3410 263 3479 acomolli
286 3410 376 3493 lenta,
399 3411 513 3490 fragosa
536 3412 629 3490 putri,
653 3430 721 3472 cava
743 3429 867 3490 corpore
890 3429 970 3470 raro:
1074 3423 1115 3463 8⁶0

181 3501 280 3561 omnia
304 3501 364 3561 sint
386 3518 402 3561 a
425 3500 578 3580 principiis
602 3500 734 3561 seiuncta
757 3506 920 3578 necessest,
