2484 3800
159 154 273 211 LXVIH
517 155 799 214 PROLEGOMENA.

160 299 215 364 da'n
232 317 347 380 saepe
365 300 437 372 00.;
460 300 522 362 Lm
536 317 662 380 sanarer,
682 301 760 380 quod
778 308 824 364 est
841 301 868 362 ll
888 298 983 381 1058,
1003 318 1183 380 perperam,

160 390 196 450 ci.
219 409 247 469 p.
270 379 363 468 Xl'sq.
379 423 420 435 -
439 385 513 450 430.
531 386 606 454 431.
625 386 690 452 432
713 389 770 449 hoc
793 389 897 450 ordine
915 390 947 450 hi
965 407 1074 452 versus
1089 382 1183 472 (sum

161 474 226 537 443
240 496 303 557 sqq.
322 471 401 560 lm.)
425 479 457 538 in
478 476 564 538 libris
588 485 697 558 extant,
720 477 773 539 sed
795 495 899 539 vereor
920 495 959 541 ne
981 480 1101 557 primus
1129 495 1181 537 ee·

160 584 227 626 rum
262 568 306 626 eis
334 565 449 626 duobus
477 567 529 644 qui
557 572 723 643 sequuntur
752 566 974 644 postponendus
1001 566 1110 645 merit,
1145 572 1181 626 ut

162 653 343 716 scriberetur
365 651 447 732 qnod
466 670 530 715 non
552 651 684 714 cannen
704 700 711 712 .
730 656 916 732 .poterant.
931 701 938 714 .
952 699 960 714 .
973 671 1104 716 manere
1123 669 1181 715 nec

160 743 260 802 necans
274 789 281 802 .
295 788 302 801 .
317 789 323 802 .
338 739 413 803 dare
434 739 639 803 ravennates
650 743 778 820 prepter
795 738 959 804 discendes
973 740 1101 820 ferrans
1121 749 1179 802 etc.

162 863 203 872 —
218 826 283 892 436
294 848 336 909 sq.
359 847 510 892 secernere
532 826 657 905 caelare,
680 831 710 891 ed
728 846 850 892 sorsnrn
872 823 1052 913 (secernere)
1077 847 1180 904 rnnre,

160 917 228 980 nid.
244 965 250 978 .
265 963 272 978 .
284 920 405 997 paterer
426 917 521 980 Bima
615 934 702 980 necere
722 916 789 979 nti.
805 964 812 978 .
827 965 834 978 .
852 917 1002 980 Lmeir.
1030 917 1179 980 soloecis·

160 1025 243 1067 mum
266 1009 297 1068 in
325 1024 445 1071 carmen
466 1006 637 1086 inserentes
660 1008 711 1085 qui
734 1008 954 1070 cremationem
975 1006 1086 1068 babeat
1110 1006 1178 1069 nul-

161 1095 227 1156 lam.
247 1128 288 1137 ——
307 1091 449 1174 450sqq.
474 1141 480 1154 .
502 1142 508 1155 .
528 1141 535 1154 .
553 1092 848 1157 vincennam
869 1091 1176 1157 enrnwrnbend

162 1180 283 1244 lnrne'nn
299 1179 374 1244 solr's
387 1202 404 1240 r
418 1178 647 1261 exhalantque
665 1179 750 1244 laen-r
765 1179 909 1246 menan
925 1180 1076 1262 fluviique
1092 1231 1098 1244 .
1115 1230 1122 1245 .
1138 1229 1145 1242 .
1160 1230 1177 1263 .,

161 1270 289 1350 nanque
318 1273 355 1332 nt
378 1316 385 1330 .
410 1317 416 1330 .
440 1267 527 1332 nilus
562 1268 688 1348 frnnnre
722 1267 871 1334 eidem:
902 1270 1048 1334 librorum
1083 1271 1176 1334 fidem

163 1367 283 1420 secutus
303 1376 377 1439 sum,
400 1361 460 1420 nisi
478 1357 556 1436 quod
575 1357 686 1436 aliquid
705 1358 809 1420 deesse
826 1359 966 1420 indicavi:
990 1379 1048 1438 qua
1067 1359 1175 1422 lacuna

162 1465 222 1508 non
249 1446 451 1507 animadversa
473 1445 578 1506 Munna
600 1453 719 1524 poetam
740 1447 891 1511 dicentem
911 1448 982 1508 iacit
1004 1466 1061 1509 nos
1085 1466 1174 1512 mane
1239 1458 1240 1517 i

162 1535 292 1615 aethera,
315 1536 367 1613 qui
386 1533 499 1594 scilicet
516 1532 611 1594 videri
629 1552 690 1597 non
706 1542 813 1616 penei,
836 1535 1039 1598 scindentem
1056 1536 1174 1598 videre:
1239 1536 1240 1547 ¹

161 1621 304 1685 nidendnr
317 1668 324 1682 .
339 1667 345 1682 .
361 1667 368 1682 .
383 1617 506 1683 eandam
524 1620 633 1702 inu,
656 1623 734 1701 qued
757 1625 846 1684 nimis
868 1623 953 1703 lenge
976 1643 994 1686 a
1015 1623 1103 1687 libris
1127 1644 1173 1688 re·

163 1712 250 1772 cedit.
266 1743 308 1754 —
326 1706 391 1771 462
415 1717 445 1770 et
466 1705 532 1773 466
555 1707 779 1789 neterndrneqne
801 1710 913 1782 oddar.
937 1712 973 1773 ci.
996 1713 1035 1774 ad
1055 1709 1172 1776 11518.

164 1793 1172 1879 -475sq.menandrininennareenn..nr„ernnaa

162 1885 255 1950 coiret
265 1886 335 1947 ΜΓ..
350 1932 357 1947 .
373 1932 380 1947 .
388 1888 512 1965 partera
525 1884 583 1957 00.
602 1889 738 1950 endrernn
754 1906 776 1949 a
793 1883 907 1949 limnnd’
918 1890 1018 1967 parte
1030 1888 1170 1953 imn-

162 1974 227 2038 493
250 1972 329 2037 sinit
348 1976 445 2039 haec
468 1968 557 2058 (00.)
572 2022 578 2036 .
594 2022 600 2035 .
615 2023 622 2035 .
636 1974 713 2040 nerdn'
734 1975 798 2056 Mn,
821 1973 895 2039 baec
916 1974 1100 2051 decertarier
1122 1976 1171 2040 nn

163 2066 181 2124 i.
205 2082 230 2125 e.
254 2063 367 2144 aether,
389 2071 423 2124 ut
445 2081 696 2142 supervacaneum
718 2067 757 2125 sii
778 2082 951 2145 prenomen,
973 2064 1037 2125 Lm.
1059 2066 1106 2128 a:
1133 2085 1169 2127 an

164 2151 336 2213 adverbium
355 2169 420 2213 esse
443 2149 620 2213 voluerunt?
638 2186 680 2197 -
700 2149 876 2215 534-563
898 2161 966 2214 ante
988 2150 1055 2216 509
1078 2154 1169 2235 nim„

163 2243 330 2302 necessaria
347 2242 591 2321 transpositione,
613 2259 639 2300 r.
657 2258 724 2301 ann
742 2239 860 2302 Lucret.
880 2238 966 2303 1874
983 2261 1011 2320 p.
1032 2239 1103 2305 169.
1127 2276 1167 2289 -·

163 2327 228 2391 503
246 2327 332 2392 erint
348 2328 407 2399 00.
426 2328 491 2389 edd.
510 2326 604 2391 creent
619 2327 661 2408 L.,
679 2327 732 2388 sed
749 2346 775 2388 v.
794 2325 867 2391 464
887 2362 929 2371 -—
948 2326 1014 2392 510
1029 2378 1036 2389 .
1050 2378 1058 2390 .
1073 2378 1080 2391 .
1095 2328 1169 2409 qrnd

162 2436 297 2497 qnneqne
315 2418 427 2497 quent
442 2432 498 2478 res.
522 2434 591 2479 nam
609 2415 681 2495 quid
699 2434 832 2494 quaeque
853 2424 963 2495 queant
979 2436 1036 2497 per
1052 2419 1167 2481 iacdera

163 2514 284 2567 naturae
308 2512 388 2569 extat
410 2506 556 2565 sancitum
573 2504 586 2568 1
605 2501 671 2567 580
686 2522 729 2583 sq.
754 2500 798 2565 ‘es
820 2503 934 2565 kcmmt
956 2506 1009 2565 auf
1028 2506 1080 2567 das
1102 2526 1165 2586 spe-

164 2593 283 2655 cifische
310 2600 468 2671 vermbgen
495 2588 557 2653 an':
589 2592 702 2671 qnaead
724 2607 786 2667 rea,
818 2592 897 2671 quod
922 2592 1002 2653 idem
1030 2601 1085 2674 est,
1109 2594 1163 2665 00.

164 2683 254 2743 aneni
269 2680 300 2740 L.
319 2680 351 2741 B.
375 2680 425 2741 alii
442 2679 499 2740 alia
521 2698 581 2743 non
598 2678 730 2760 meliora,
753 2697 828 2759 quae
845 2680 954 2762 videas,
977 2683 1005 2741 si
1022 2684 1097 2745 tanti
1112 2691 1163 2764 cst,

164 2769 240 2849 apud
264 2767 397 2831 Pedium.
417 2800 459 2813 --
478 2766 544 2830 514
567 2760 684 2850 (deuna)
778 2766 889 2831 mnndi
909 2769 992 2831 cena
1081 2786 1163 2849 para,

163 2860 200 2919 nt
214 2855 302 2919 nobis
318 2853 462 2931 membra,
480 2852 677 2918 nederwic.
696 2855 829 2918 videmus
848 2874 913 2917 eam
928 2864 1042 2918 certam
1057 2870 1163 2937 partem
1237 2875 1238 2878 ’

164 2964 243 3007 esse:
261 2941 399 3007 nrernbrn
410 2942 559 3007 ridentnr
572 2943 632 3015 00.
646 2943 720 3024 edd,
738 2942 791 3005 ubi
804 2943 927 3005 verbum
943 2944 1026 3005 nullo
1039 2947 1163 3025 pondere

165 3042 244 3097 esset
261 3033 416 3096 adiectum.
432 3065 473 3079 -
489 3030 556 3098 525
576 3030 625 3094 nn's
647 3029 793 3113 animae,
813 3049 892 3111 qnae
908 3030 1046 3095 menbra
1063 3032 1162 3113 aeder

163 3125 227 3199 nat,
246 3129 327 3183 recte
346 3120 404 3192 00.
423 3139 448 3181 r.
463 3116 541 3182 522:
564 3120 669 3181 rodae
687 3138 795 3199 corpus
812 3138 873 3181 non
890 3128 997 3202 petest,
1014 3124 1074 3183 nisi
1091 3123 1161 3202 qued

164 3230 218 3292 per
241 3218 336 3273 totum
359 3208 496 3269 dissitum
519 3217 576 3271 eei:
601 3206 704 3270 animi
724 3208 787 3271 Lm.
810 3216 844 3269 ie
865 3226 926 3269 nen
947 3218 1107 3289 perspecta
1128 3213 1160 3273 ci.

164 3300 204 3361 ΙΙΙ
223 3298 286 3363 143
306 3317 369 3378 sqq.
388 3299 460 3358 item
479 3293 543 3362 528
562 3296 688 3360 nna'mee
710 3296 802 3359 scribi
824 3299 963 3378 oportuit,
984 3316 1046 3359 nen
1063 3298 1160 3376 anime,

166 3389 242 3468 quod
267 3390 299 3450 in
321 3386 406 3450 libris
425 3392 478 3446 est.
515 3383 699 3449 509—533
718 3385 781 3447 Lm.
799 3393 867 3465 post
890 3383 1066 3449 nae—563
1081 3392 1160 3467 pcsiii

165 3497 181 3537 a
200 3474 423 3542 Beckenuiliero
442 3492 496 3537 suc
515 3472 579 3537 loco
597 3476 689 3555 positi
708 3481 789 3554 sunt,
811 3491 886 3558 quos
905 3473 1000 3539 abeno
1019 3493 1087 3540 sene
1103 3476 1159 3541 laco
