2484 3800
132 146 177 211 50
617 143 645 198 11

205 310 278 372 quae
301 291 377 352 bene
400 298 430 352 et
452 292 559 352 eximie
582 293 716 371 quamvis
739 292 872 370 disposta
894 292 1042 373 terantur,

134 396 189 448 645
203 380 288 458 longe
312 387 381 440 sunt
402 387 501 440 umen
524 398 542 440 a
563 398 632 440 vera
654 382 767 441 ratione
790 379 916 458 repulsa.

134 485 186 535 646
205 469 300 528 omnis
323 470 402 528 enim
423 485 479 548 per
501 485 533 528 se
556 468 655 528 divom
676 475 782 529 natura
803 475 956 528 necessest
1105 480 1147 522 ω

204 555 354 616 inmortali
376 573 446 616 aevo
470 573 584 617 summa
606 575 768 636 cumpace
792 556 906 617 fruatur

205 651 316 705 semota
338 643 374 704 ah
397 646 507 704 nostris
530 644 619 706 robus
643 646 833 723 seiunctaque
856 643 956 722 longe:

204 751 272 793 nam
294 735 407 812 privata
429 731 530 792 dolore
553 734 647 814 omni,
669 736 782 811 privata
803 731 937 812 periclis,

134 837 190 888 656
203 823 268 900 ipsa
291 823 353 882 suis
374 819 488 901 pollens
511 821 630 901 opibus,
652 820 695 880 nil
717 821 816 899 indiga
838 822 946 900 nostri,
1106 834 1151 875 eoo

135 923 187 975 666
204 927 260 971 666
281 909 357 970 bene
380 909 550 988 promeritis
573 911 689 988 capitur
710 927 806 988 noque
828 910 960 987 tangitur
982 910 1036 969 ira.

135 1013 190 1065 665
205 998 254 1058 hio
277 999 372 1076 siquis
393 1014 474 1057 mare
496 995 666 1076 Neptunum
689 996 887 1076 Cereremque
909 1015 1016 1057 vocare
1106 1010 1150 1052 ose

206 1087 357 1147 constituit
379 1086 478 1164 iruges
501 1091 531 1146 et
553 1085 661 1146 Bacchi
683 1088 803 1145 nomine
825 1085 906 1145 abuti

205 1173 313 1235 mavolt
335 1191 422 1251 quam
444 1172 540 1233 laticis
562 1175 716 1252 preprium
738 1174 871 1252 prolerre
894 1190 1054 1254 vocamen,

116 1309 119 1313 .
205 1261 400 1323 concedamus
423 1267 456 1321 ut
476 1260 526 1321 hic
548 1268 696 1322 terrarum
719 1261 835 1322 dictitet
856 1260 960 1321 orbem

136 1367 187 1419 666
205 1368 271 1410 6666
294 1349 381 1409 deum
403 1355 541 1429 matrem,
564 1349 634 1410 dum
656 1368 726 1410 vera
748 1368 781 1410 re
803 1357 902 1410 tamen
923 1351 989 1427 ipse
1105 1363 1150 1404 eso

135 1455 190 1506 666
206 1437 347 1516 religione
370 1439 500 1498 animum
522 1439 602 1517 turpi
625 1439 796 1516 contingere
815 1444 923 1516 parcat
1105 1453 1151 1492 ceo

135 1541 192 1594 ⁶52
250 1525 341 1585 Terra
363 1525 482 1604 quidem
504 1543 574 1586 vero
597 1533 679 1587 caret
700 1528 781 1586 omni
803 1532 935 1604 tompore
959 1543 1067 1608 sensu,
1105 1540 1150 1582 esa

206 1619 236 1672 et
258 1614 326 1691 quia
348 1612 507 1674 multarum
528 1615 641 1692 potitur
662 1614 824 1693 primordia
845 1631 959 1694 rerum,

205 1700 297 1761 multa
318 1700 414 1760 modis
436 1701 537 1762 multis
561 1702 645 1762 effert
667 1704 698 1762 in
720 1701 831 1763 lumina
854 1701 933 1762 solis.
1106 1717 1149 1758 aaa

137 1804 188 1854 666
208 1806 295 1867 saepe
317 1789 416 1866 itaque
439 1807 475 1849 ex
497 1808 556 1850 nno
578 1789 735 1851 tondentes
758 1792 889 1869 gramina
911 1807 1016 1868 campo
1106 1805 1151 1846 cco

206 1874 353 1954 lanigerae
375 1877 504 1956 pecudes
528 1883 558 1939 et
579 1896 724 1957 equorum
747 1877 872 1939 duellica
893 1877 992 1957 proles

206 1964 403 2044 buceriaeque
426 1983 530 2045 greges
553 1967 657 2041 codem
680 1965 886 2046 subtegmine
909 1966 984 2027 caeli

207 2072 244 2114 ex
265 2071 383 2132 unoque
407 2055 487 2114 sitim
509 2055 647 2115 sedantes
669 2055 790 2116 flumine
813 2057 898 2133 aquai

136 2158 192 2209 665
208 2141 346 2202 dissimili
368 2144 467 2203 vivont
489 2144 588 2221 specie
610 2145 798 2222 retinentque
822 2149 979 2222 parentum
1106 2157 1152 2200 ees

136 2246 188 2297 666
207 2236 341 2291 naturam
364 2237 394 2291 et
415 2248 513 2291 mores
537 2234 698 2309 generatim
722 2250 853 2311 quaeque
876 2233 1039 2292 imitantur.

206 2325 316 2380 tantast
337 2321 368 2378 in
392 2320 496 2397 quovis
517 2336 626 2397 genere
648 2319 757 2381 herbae
779 2321 914 2380 materiai

208 2406 361 2468 dissimilis
383 2409 472 2487 ratio,
494 2413 603 2467 tantast
625 2409 657 2467 in
679 2407 799 2469 flumine
822 2425 947 2486 quoque.

206 2496 275 2557 hinc
297 2513 386 2574 porro
410 2496 542 2574 quamvis
565 2497 743 2556 animantem
766 2514 801 2555 ex
825 2495 962 2556 omnibus
984 2514 1077 2557 unam

137 2598 192 2649 670
206 2601 273 2643 ossa
296 2600 385 2644 cruor
406 2600 496 2643 venae
520 2581 599 2643 calor
621 2601 708 2644 umor
729 2586 842 2644 viscora
865 2586 948 2643 nervi

137 2686 188 2736 670
208 2673 402 2752 constituunt,
425 2688 499 2750 quae
523 2677 593 2732 sunt
613 2689 703 2751 porro
726 2672 862 2732 distantia
884 2670 984 2752 longe,
1105 2689 1152 2729 cao

208 2758 345 2818 dissimili
366 2759 497 2838 perlecta
519 2759 612 2837 figura
634 2761 857 2838 principiorum.
927 2762 943 2793 '

207 2851 270 2905 tum
292 2863 381 2924 porro
405 2866 606 2926 quaecumque
629 2850 692 2926 igni
713 2848 858 2907 flammata
881 2854 1065 2930 cremantur,

209 2935 235 2993 si
256 2933 299 2993 nil
320 2941 485 3016 praeterea,
508 2942 606 2996 tamen
629 2936 702 2996 haec
724 2938 756 2996 in
778 2952 903 3013 corpore
926 2935 1035 3015 celant,

137 3037 192 3089 675
208 3021 287 3080 unde
310 3024 408 3099 ignem
430 3025 528 3085 iacere
551 3023 702 3085 etlumen
726 3025 910 3085 summittere
933 3026 1051 3102 possint

137 3124 189 3175 676
209 3108 409 3188 scintillasque
431 3129 516 3188 agere
540 3112 654 3173 aelate
677 3113 796 3173 differre
819 3110 954 3172 favillam.
1104 3128 1147 3169 cas

208 3203 306 3256 cetera
328 3198 475 3257 consimili
496 3202 605 3260 mentis
627 3202 741 3261 ratione
763 3217 924 3279 peragrans

207 3284 338 3341 invenies
361 3283 451 3358 igitur
473 3284 633 3347 multarum
656 3291 768 3348 semina
789 3305 891 3347 rerum

209 3385 331 3446 corpore
357 3366 452 3428 celare
475 3378 505 3429 et
526 3376 621 3434 varias
645 3376 783 3435 cohibere
806 3376 924 3452 figuras.

137 3469 194 3521 666
208 3454 335 3531 deniqne
358 3451 448 3513 multa
470 3456 561 3538 vides,
587 3461 694 3540 quibus
717 3470 748 3523 ct
769 3461 849 3522 color
872 3469 902 3522 et
924 3482 1013 3542 sapor
1031 3484 1093 3526 una
1106 3480 1150 3522 666
