2484 3800
172 144 215 208 36
659 143 685 197 11

242 293 337 369 prima
360 298 515 351 moventur
537 292 617 351 enim
639 307 694 368 per
716 307 748 350 se
771 288 932 367 primordia
955 306 1069 369 rerum,

243 379 312 439 iude
335 395 369 438 ea
392 397 466 457 quae
490 397 579 457 parvo
603 385 672 438 sunt
695 395 818 457 corpora
840 375 997 437 conciliatu

174 474 225 524 136
243 473 273 526 et
296 468 380 544 quasi
402 468 536 545 proxima
559 474 628 527 sunt
651 465 686 525 ad
708 467 781 525 viris
803 466 1032 545 principiorum,

243 554 351 614 ictibus
373 554 491 615 illorum
514 557 610 615 caecis
633 552 748 632 inpulsa
771 555 899 633 cientur,

243 644 363 721 ipsaque
386 660 531 721 proporro
553 642 640 721 paulo
663 644 775 701 maiora
796 640 953 701 lacessunt

244 731 287 791 sic
309 748 326 789 a
347 732 502 809 principiis
525 729 658 791 ascendit
679 736 777 790 motus
800 736 830 789 et
851 731 913 789 exit

242 818 383 897 paulatim
403 826 521 879 nostros
544 817 581 878 ad
604 836 722 897 sensuS,
745 824 779 878 ut
800 824 972 877 moveantur

176 915 226 963 140
244 905 293 966 illa
316 924 446 987 quoque,
468 909 501 966 in
523 904 594 966 solis
617 924 692 985 quae
714 904 825 966 lumine
848 923 971 965 cernere
996 907 1114 984 quimus

243 1013 299 1056 nec
321 994 429 1073 quibus
452 994 482 1055 id
505 994 614 1055 iaciant
635 992 729 1072 plagis
751 1000 872 1072 apparet
894 1000 1004 1072 aperte.

288 1082 372 1143 Nunc
395 1100 469 1161 quae
491 1081 640 1142 mobilitas
664 1084 702 1142 sit
724 1080 839 1141 reddita
861 1083 996 1141 materiai

245 1169 431 1250 corporibus,
453 1172 555 1249 paucis
578 1169 648 1230 licet
669 1169 739 1229 binc
762 1186 952 1249 cognoscere,
974 1168 1101 1229 Memmi.

245 1261 374 1338 primum
396 1276 502 1319 aurora
523 1275 599 1318 novo
622 1275 690 1317 cum
713 1260 825 1335 spargit
847 1257 957 1317 lumine
979 1264 1090 1339 terras,

177 1352 227 1402 145
246 1354 275 1407 et
296 1349 393 1406 variae
416 1346 550 1407 volucres
572 1363 694 1405 nemora
716 1347 779 1405 avia
801 1344 1010 1423 pervolitantes

246 1440 313 1495 aera
335 1452 389 1513 per
410 1442 546 1495 tenerum
569 1433 689 1512 liquidis
712 1432 776 1493 loca
797 1432 920 1494 vocibus
943 1432 1078 1513 opplent,

247 1540 334 1601 quam
357 1521 454 1583 subito
477 1522 569 1582 soleat
592 1521 636 1581 sol
658 1528 741 1581 ortus
763 1527 896 1599 tempore
919 1521 971 1580 tali

246 1612 409 1670 convestire
433 1628 485 1670 sua
506 1609 688 1690 perfundens
711 1611 808 1669 omnia
830 1608 909 1689 luce,

247 1697 382 1758 omnibus
405 1700 597 1777 inpromptu
619 1697 866 1775 manifestumque
888 1714 955 1758 esse
978 1696 1120 1758 videmus.

179 1789 229 1838 150
247 1793 276 1846 at
298 1803 387 1864 vapor
409 1787 435 1845 is
459 1803 545 1864 quem
569 1785 613 1846 sol
636 1787 727 1845 mittit
748 1784 908 1864 lumenque
932 1802 1072 1845 serenum

247 1891 306 1935 non
329 1875 491 1953 perinane
513 1881 591 1935 meat
613 1891 750 1955 vacuum,
773 1891 831 1952 quo
854 1872 967 1934 tardius
991 1876 1036 1934 ire

247 1965 375 2043 cogitur,
397 1965 492 2022 aerias
516 1965 600 2041 quasi
622 1962 692 2022 dum
715 1961 881 2022 diverberat
903 1962 1012 2042 undas3

247 2069 302 2112 nec
323 2050 494 2128 singillatim
516 2050 690 2129 corpuscula
713 2068 845 2129 quaeque
868 2052 985 2128 vaporis

248 2139 300 2200 sed
323 2139 473 2218 complexa
495 2146 594 2199 meant
615 2140 694 2199 inter
717 2157 749 2198 se
773 2155 887 2216 conque
910 2137 1038 2219 globata,

180 2236 230 2285 15⁶
249 2234 428 2307 quapropter
450 2226 538 2286 simul
560 2229 639 2287 inter
662 2244 694 2286 se
716 2226 908 2286 retrahuntur
930 2233 960 2286 et
982 2233 1066 2286 extra

248 2317 430 2395 officiuntur,
452 2317 497 2374 uti
518 2322 660 2392 cogantur
681 2314 794 2374 tardius
816 2316 869 2374 ire.

248 2411 374 2482 atquae
397 2409 467 2463 sunt
490 2401 582 2462 solida
603 2401 766 2481 primordia
789 2401 989 2482 simplicitate,

248 2510 315 2552 cum
337 2509 391 2570 per
413 2493 501 2552 inane
523 2497 621 2550 meant
643 2508 780 2569 vacuum,
803 2508 858 2549 nec
881 2508 929 2549 res
952 2497 1117 2551 remoratur

247 2579 307 2639 ulla
329 2579 414 2659 loris,
439 2585 526 2656 atque
549 2580 613 2656 ipsa
636 2580 699 2638 suis
722 2595 738 2638 c
760 2577 894 2656 partibus
916 2595 1021 2658 unum,

180 2674 231 2725 160
249 2684 353 2747 unum,
376 2669 407 2727 in
430 2684 517 2745 quem
540 2684 665 2744 coepere
688 2664 786 2725 locum
808 2668 912 2726 conixa
933 2665 1083 2746 leruntur,

249 2755 370 2835 debent,
391 2757 544 2834 nimirum,
566 2752 745 2832 praecellere
770 2752 932 2813 mobilitate

249 2850 279 2902 et
300 2841 392 2902 multo
415 2844 504 2903 citius
526 2843 598 2902 lerri
621 2859 709 2919 quam
732 2840 843 2901 lumina
867 2840 937 2902 solis

249 2928 459 3009 multiplexque
483 2929 541 2990 loci
563 2932 691 3009 spatium
713 2936 917 2990 transcurrere
940 2927 1044 2988 eodem

249 3026 381 3096 tempore
406 3036 462 3097 quo
486 3017 557 3079 solis
579 3017 751 3097 pervolgant
773 3017 889 3096 fulgura
911 3016 1032 3077 caelum.

672 3124 691 3164 a

182 3203 231 3251 165
250 3211 305 3253 nec
328 3196 489 3271 persectari
511 3194 673 3273 primordia
696 3193 810 3273 singula
833 3199 978 3273 quaeque,

251 3287 284 3341 ut
305 3281 423 3341 videant
445 3300 501 3359 qua
524 3285 650 3362 quicque
674 3289 793 3363 geratur
815 3301 883 3343 cum
905 3284 1027 3343 ratione.

180 3376 234 3426 165
298 3369 334 3428 At
357 3367 474 3446 quidam
497 3378 599 3431 contra
620 3372 706 3452 baec,
729 3374 824 3450 ignari
846 3374 992 3452 materiai,

250 3464 385 3518 naturam
407 3474 467 3516 non
488 3475 588 3538 posse,
611 3460 700 3521 deum
723 3463 787 3521 sine
809 3463 945 3542 numine,
967 3468 1072 3522 rentur
