2484 3800
186 168 277 225 XXVI
550 166 833 223 PROLEGOMENA.

186 315 240 376 llr.
258 316 330 376 baec
348 314 437 376 verba
455 318 597 398 retinent;
617 323 647 376 ct
663 311 771 377 mollio
787 333 856 378 uem
871 313 996 394 17777777
1011 332 1065 394 per
1083 332 1117 375 se
1132 331 1195 374 non

186 405 285 464 minus
318 413 399 464 recte
431 422 464 465 se
495 404 597 485 babet,
629 411 675 464 est
704 407 783 464 anim
814 411 949 465 nostrum
977 401 1089 463 ‘indam
1115 399 1194 486 (sive
1221 461 1224 467 .

187 491 319 552 dadurcb
350 485 433 575 dass)
461 494 506 553 sie
538 495 581 553 sic
613 492 707 552 weicb
734 493 870 574 macben,
899 495 975 573 sive,
1003 491 1098 552 weicb
1128 493 1194 550 sein
1217 516 1230 552 η

186 575 310 660 lasscn’3
328 579 404 640 male
422 583 514 659 igitur
527 580 613 642 Bern.
628 579 733 640 scribit
750 577 858 664 7777777
874 578 1044 661 conficiant.
1071 586 1196 659 apparet
1224 609 1231 647 >2

187 669 305 750 deesse,
333 667 404 746 quid
431 668 475 729 illi
501 668 627 730 reddant
653 686 777 747 corpora
802 671 911 749 prima,
938 669 1037 729 mollia
1060 685 1130 728 cum
1152 668 1194 727 ia·
1224 698 1230 719 a

187 759 279 838 ciant3
307 757 386 835 quod
413 758 454 817 ita
480 759 512 817 in
540 765 642 838 aperto
671 764 729 838 cst,
756 765 790 818 ut
816 765 846 818 77
871 757 1019 818 Cbristius
1045 775 1073 836 p.
1094 754 1134 817 17
1165 762 1196 815 77
1223 788 1231 823 a

187 844 277 905 Gocb.
303 851 414 923 quaest
437 844 553 907 Lucret
576 865 604 926 p.
625 841 667 905 14
690 852 720 905 et
740 845 860 907 blunro'
873 848 1003 925 itemque
1026 845 1140 905 Snsem.
1165 851 1196 903 et
1220 872 1230 901 7

188 951 242 1012 ego
265 935 298 993 in
320 951 355 992 eo
378 937 616 995 consenserimus
639 933 784 994 excidisse
803 934 868 1014 boc,
890 951 942 994 eos
961 935 1074 994 semina
1091 950 1195 993 rerum
1223 972 1228 991 1

187 1021 322 1083 mortalia
344 1020 482 1104 reddere,
505 1024 541 1084 ci.
566 1022 668 1103 philol.
686 1021 763 1082 XXV
778 1021 821 1085 76
830 1041 873 1102 sq.
895 1021 966 1082 Poll
984 1021 1084 1101 philol.
1103 1020 1195 1080 XXVI
1225 1034 1230 1091 ξ

188 1108 261 1173 323.
301 1110 408 1188 quodsi
430 1111 684 1190 simplicissimum
707 1112 833 1190 quicque
857 1113 1001 1188 optimum
1024 1110 1100 1170 solet
1116 1127 1194 1190 osse,
1218 1140 1230 1176 ;·

117 1257 121 1263 ,
188 1217 276 1278 quam
303 1198 409 1258 ialsnm
437 1202 476 1259 sit
497 1200 545 1260 hic
571 1199 736 1261 remedium
760 1199 926 1260 litterarum
947 1198 1155 1259 mutandarum
1178 1216 1195 1257 a

187 1286 374 1347 Lachmanno
403 1287 567 1348 adhibitum
597 1287 785 1348 manifestum
817 1295 870 1348 est.
918 1289 1041 1347 tertium
1073 1286 1224 1368 ailonem·l

189 1373 356 1452 exemplum
381 1392 441 1434 non
463 1377 562 1436 minus
585 1375 774 1436 luculentum.
813 1378 845 1435 in
866 1368 1124 1456 l.'111v.758sq.
1149 1381 1194 1434 est
1220 1406 1230 1447 :1

188 1465 220 1522 in
252 1461 417 1522 codicibus:
448 1460 498 1524 sic
528 1461 653 1524 coimus
680 1459 840 1524 hominm
873 1461 974 1524 7777777
1001 1460 1038 1523 in
1066 1479 1195 1540 corpora

187 1567 305 1628 semper
330 1548 377 1612 ire
401 1546 542 1612 bumana
555 1599 561 1611 .
621 1597 650 1612 ..
670 1597 678 1611 .
696 1554 753 1632 eis,
780 1570 854 1630 quae
882 1551 1063 1630 praecedunt
1083 1551 1194 1610 iudea
1223 1589 1230 1605 .=

188 1657 214 1698 v.
230 1635 293 1699 739
311 1671 353 1682 -
372 1638 409 1698 ad
432 1657 457 1698 v.
473 1636 549 1721 757,
577 1639 700 1700 docetur
726 1638 853 1700 absurde
880 1638 962 1700 credi
990 1641 1114 1720 animas,
1137 1638 1202 1721 im}
1224 1676 1231 1713 q

188 1725 328 1787 mortales
355 1745 430 1805 quaa
458 1729 529 1809 sint,
552 1730 713 1806 migrantes
735 1730 776 1787 ita
799 1729 909 1788 intrare
932 1730 964 1787 in
985 1727 1141 1787 bominum
1165 1728 1202 1786 77
1225 1766 1228 1797 z

189 1814 351 1876 bestiarum
378 1832 515 1896 corpora,
544 1823 577 1876 ut
607 1833 663 1896 pro
691 1817 738 1876 sui
764 1833 897 1895 quaeque
926 1818 1060 1895 corporis
1088 1816 1202 1897 natura}
1228 1831 1231 1885 J

189 1912 329 1966 mutetur.
366 1904 513 1983 reliquum
536 1913 608 1987 erat,
632 1912 665 1966 ut
687 1904 765 1965 obici
783 1904 841 1966 sibi
859 1906 984 1983 lingeret
1000 1911 1087 1985 poeta
1104 1907 1202 1983 posse¹
1228 1955 1229 1976 2

189 1995 231 2053 ita
259 2010 324 2053 sese
351 2011 415 2053 rem
437 1993 559 2074 babere,
586 2001 620 2054 ut
641 1996 803 2054 mutatione
825 2012 901 2073 opus
922 2012 982 2054 non
1006 2000 1097 2073 esset,
1125 1986 1203 2073 cumf
1228 2059 1229 2062 Ἴ

190 2080 304 2141 scilicet
336 2082 369 2140 in
396 2098 483 2141 suum
510 2099 643 2162 quaeque
670 2084 767 2143 anima
793 2100 901 2161 corpus
927 2084 1060 2143 intraret.
1105 2088 1137 2141 ot
1164 2081 1195 2141 id

189 2171 287 2248 ipsum
315 2167 427 2229 dictum
454 2169 547 2229 iniisse
574 2188 590 2230 a
613 2169 751 2232 Lucretio
773 2177 900 2231 testatur
923 2188 1027 2231 versus
1051 2167 1129 2250 761,
1158 2169 1194 2229 de
1228 2205 1229 2236 i

190 2275 248 2336 quo
275 2264 385 2335 postea.
431 2257 484 2317 sed
512 2265 592 2318 extat
613 2257 692 2319 aliud
715 2260 913 2319 certissimum
937 2260 1053 2337 signum
1076 2266 1195 2337 poetam
1228 2291 1230 2324 ;

188 2364 249 2406 non
271 2344 307 2405 de
330 2345 483 2406 hominum
504 2348 611 2406 animis
635 2346 764 2406 solorum
791 2346 921 2406 locutum
948 2364 1026 2427 esse,
1053 2363 1135 2426 nam,
1162 2352 1195 2405 ut
1227 2377 1230 2401 7

188 2434 259 2515 dixi,
277 2436 309 2493 in
327 2432 411 2494 libris
430 2441 476 2495 est
493 2431 543 2497 777
560 2432 693 2495 animos.
730 2433 801 2513 quid
819 2436 909 2511 igitur
926 2434 1046 2515 iaciunt,
1069 2435 1121 2513 qui
1138 2434 1195 2493 boc

187 2520 233 2583 sic
259 2524 291 2581 in
316 2519 377 2583 sito
402 2528 517 2582 mutant
542 2521 684 2583 Marullus
711 2529 742 2582 et
768 2539 863 2600 nuper
889 2522 984 2581 Lm.B.
1002 2518 1077 2583 Mn?
1128 2540 1195 2583 sen-

188 2611 313 2669 tentiam
344 2617 551 2691 corrumpunt,
583 2629 652 2671 cum
683 2610 817 2671 efficiunt
842 2617 876 2670 ut
901 2629 1007 2690 parum
1033 2610 1195 2670 attendisse

189 2697 323 2763 videatur
345 2696 509 2778 Lucretius,
533 2701 643 2778 quippe
663 2701 792 2777 quinon
810 2698 918 2759 viderit
935 2717 995 2759 non
1013 2699 1049 2759 de
1067 2698 1196 2758 homini-

188 2784 246 2846 bus
274 2783 344 2845 solis
372 2785 424 2845 scd
451 2788 540 2846 etiam
564 2785 600 2846 de
628 2788 737 2847 ceteris
759 2786 935 2847 animalibus
958 2786 1015 2846 sibi
1037 2786 1196 2847 dicendum

189 2874 290 2934 luisse.

278 2960 353 3021 Sunt
380 2962 412 3020 in
439 2963 483 3021 cis
511 2964 704 3044 coniecturis,
731 2963 839 3043 quibus
861 2962 1080 3044 Lachmannus,
1100 2981 1196 3042 paene
1227 2935 1228 2994 3

189 3048 252 3109 dixi
283 3049 368 3109 vacui
403 3049 527 3112 horrore
558 3051 685 3131 quodam
720 3052 840 3133 ductus,
878 3051 994 3111 hiantes
1024 3050 1197 3111 lacunarum

191 3137 275 3215 quasi
306 3138 430 3198 fissuras
461 3156 521 3200 non
553 3140 717 3220 explevisse
749 3140 802 3201 sed
835 3138 993 3200 oblinendo
1025 3157 1197 3199 occaecasse

190 3225 338 3305 putandus
362 3234 421 3308 est,
443 3228 600 3289 nonnullae
623 3229 783 3310 eiusmodi,
806 3235 840 3288 ut
861 3230 958 3288 virum
979 3228 1113 3308 ingenio,
1138 3245 1196 3307 qno

191 3321 310 3393 praeter
328 3333 430 3377 omnes
448 3316 580 3398 florebat,
599 3316 724 3379 abusum
742 3319 903 3397 existimes,
922 3334 956 3377 ea
974 3315 1107 3376 scribare
1127 3317 1198 3377 satis

190 3401 361 3485 habentem,
390 3422 464 3483 quae
487 3404 626 3466 anrctio
648 3414 728 3467 77777
751 3423 812 3466 non
835 3404 956 3484 indigna
978 3423 1045 3465 esse
1067 3410 1198 3484 putaret,

191 3491 227 3552 ci.
251 3510 355 3553 comm.
380 3491 415 3553 ad
439 3492 476 3553 Vl
494 3490 550 3574 47,
578 3492 631 3553 ubi
652 3497 716 3574 ipse
739 3501 865 3555 testatur
888 3512 920 3554 se
943 3496 985 3553 ita
1007 3510 1071 3553 rem
1093 3496 1198 3572 egisse.
