2484 3800
421 165 707 222 PROLEGOMXNA.
979 165 1069 220 XXIX

51 330 147 371 uersu
173 308 259 374 1053
282 311 431 373 transilies
454 313 490 374 ad
508 333 627 375 versum
647 312 732 376 1078
752 322 782 375 et
801 334 816 375 a
837 333 862 375 r.
883 310 969 377 1085
987 314 1024 374 ad
1041 333 1068 373 v.

52 397 156 481 1089,
179 403 288 460 iustam
310 399 433 461 habebis
457 405 670 463 sententiarum
694 405 952 464 continuationem.
995 403 1068 462 baec

52 498 126 567 puto
157 491 287 567 primum
311 491 421 569 scripta
444 509 510 551 esse
533 509 550 550 a
572 499 673 572 poeta,
701 490 808 552 deiude
831 494 860 552 ei
883 494 979 552 risum
1001 509 1067 551 esse

52 575 195 656 plmibus
223 595 258 637 ea
284 580 437 658 persequi,
465 597 539 658 quae
567 577 812 643 versibus1078
837 598 900 660 sqq.
945 579 1067 640 dixerat.

52 668 157 744 itaque
190 667 319 746 scripsit,
347 668 380 726 ni
406 664 503 748 fallor,
530 686 573 728 vv.
594 664 826 749 1054—1077,
852 667 1068 747 pulcherrimos

53 752 123 813 illos
149 753 281 834 quidem,
304 753 357 813 sed
381 756 431 832 qui
454 773 551 833 neque
574 755 634 816 illis
657 763 724 817 octo
744 753 880 816 versibus
899 763 965 835 apte
982 774 1067 835 prae-

52 845 215 902 mittantur
233 859 329 920 neque
348 859 451 902 eorum
469 841 534 903 loeo
553 845 584 904 in
604 862 722 904 carmen
741 845 834 905 inseri
851 846 976 924 possint,
999 861 1067 904 cum

53 930 98 1010 id,
130 929 211 1008 quod
234 948 259 989 v.
277 926 360 992 1081
373 947 436 1009 sqq.
464 930 585 1013 dieitur,
617 940 736 1011 poetam
762 931 945 993 abiecturum
975 931 1067 991 fuisse

54 1016 202 1079 credibile
225 1035 285 1077 non
309 1019 355 1078 sit.
402 1017 472 1097 quid
495 1037 565 1080 vero
587 1020 724 1080 versibus
749 1017 835 1082 1086
845 1038 909 1098 sqq.
932 1020 991 1099 liet,
1014 1021 1068 1096 qui

53 1124 155 1184 neque
185 1123 239 1166 suo
266 1105 331 1167 loco
357 1106 430 1166 ferri
457 1124 553 1186 neque
576 1110 609 1168 in
632 1107 723 1169 alium
744 1107 900 1168 transferri
922 1103 1068 1186 possunt?

53 1212 157 1254 nonne
183 1202 304 1273 apparet
326 1194 398 1255 baec
421 1201 503 1255 recte
526 1214 558 1256 se
581 1196 734 1276 habuisse,
762 1198 789 1256 si
811 1195 868 1256 tale
892 1194 963 1275 quid
986 1201 1067 1255 ante-

53 1280 227 1343 cedebat..
242 1329 249 1342 .
265 1329 271 1342 .
286 1283 393 1344 arant
408 1279 517 1344 incerti
534 1281 679 1345 manebus
697 1285 761 1345 tum
776 1278 837 1367 (vel
850 1277 932 1367 cum)
947 1301 1069 1362 corpore

53 1372 126 1432 toto.
156 1388 228 1449 ergo
248 1370 297 1431 hio
315 1370 458 1431 babemus
477 1371 534 1432 looi
552 1372 713 1453 relliquias,
732 1375 793 1453 qui,
810 1378 968 1452 postquam
980 1378 1068 1451 poeta

52 1458 195 1519 versibus
220 1454 306 1520 1052
316 1477 359 1538 sq.
383 1465 413 1518 et
437 1456 521 1520 1079
532 1478 595 1539 sqq.
628 1460 666 1521 de
693 1461 796 1523 eadem
823 1479 856 1521 re
880 1460 945 1521 aliis
968 1459 1067 1521 verbis

53 1549 193 1628 scripsit,
216 1549 248 1608 in
271 1549 402 1607 carmine
424 1548 548 1608 retineri
570 1567 630 1608 non
643 1548 763 1609 debuit.

147 1635 224 1696 Sunt
236 1653 307 1695 vero
322 1637 410 1696 etiam
425 1635 490 1717 loci,
507 1654 591 1717 quos,
610 1655 677 1698 oum
692 1639 960 1716 argumentationes
974 1639 1067 1696 conti-

53 1730 147 1784 neant
165 1741 226 1783 non
246 1724 333 1784 etiam
352 1723 409 1783 alio
432 1723 497 1784 loeo
516 1732 715 1806 occurrentes,
732 1732 831 1786 tamen
850 1723 963 1786 secludi
981 1742 1067 1803 opor-

55 1818 127 1892 teat,
148 1830 216 1872 cum
234 1829 294 1871 uon
312 1811 447 1893 habeant,
463 1811 515 1872 ubi
534 1820 600 1891 apte
620 1812 809 1894 collocentur,
829 1815 938 1893 quippe
957 1815 1017 1894 qui,
1034 1820 1069 1873 ut

55 1904 95 1961 ait
111 1899 327 1981 Lachmannus,
342 1902 467 1961 seorsim
483 1920 500 1961 a
519 1904 659 1962 carminis
674 1904 867 1963 continuitate
882 1903 986 1981 scripti
999 1904 1067 1962 sint.

55 1988 229 2050 docethoc
258 1988 294 2049 de
320 1989 457 2049 versibus
484 1988 502 2049 l.
530 1988 556 2049 ll
583 1986 782 2071 522-528,
808 1989 848 2049 lll
875 1986 1068 2071 350-395,

55 2077 78 2136 V
109 2073 338 2139 1092-1147
368 2071 608 2161 (1105-1160
633 2071 725 2159 Lm),
753 2086 783 2138 et
810 2078 846 2139 de
874 2078 920 2138 his
949 2078 1068 2156 quidem

55 2164 141 2246 falso,
158 2172 193 2226 ut
210 2166 289 2225 inira
307 2163 522 2226 demonstrabo.
554 2184 592 2226 ne
611 2166 647 2226 de
666 2166 684 2227 l.
698 2166 724 2225 ll
742 2166 878 2226 versibus
894 2163 1067 2227 167-183

57 2256 87 2313 ei
105 2255 248 2314 assentiri
265 2270 397 2333 possum,
414 2272 482 2314 nam
505 2256 570 2332 ipse
588 2261 675 2333 poeta
698 2253 784 2315 docet
807 2256 851 2314 eis
869 2252 969 2313 verbis
992 2272 1067 2332 quae

56 2341 275 2401 dubitationem
300 2340 411 2401 nnllam
439 2340 607 2422 admittant,
634 2361 666 2403 se
688 2341 764 2402 hano
786 2341 1001 2420 digressionem
1024 2343 1068 2401 eis

56 2448 135 2509 qnae
168 2428 205 2489 de
237 2428 367 2489 motibus
399 2428 532 2508 disputet
558 2432 786 2509 interposuisse:
819 2428 898 2489 redit
924 2430 1004 2488 enim
1032 2428 1067 2489 ad

56 2519 246 2597 propositum
268 2517 316 2577 his
334 2516 446 2577 verbis:
468 2535 558 2593 nunc,
576 2516 613 2579 ta
629 2517 711 2596 qood
725 2518 867 2596 coeperest,
885 2514 922 2578 de
938 2514 1069 2578 ntobbos

56 2604 261 2684 expedmmm.
292 2623 352 2666 non
370 2597 478 2667 minus
487 2608 616 2687 mireris,
631 2607 709 2686 quod
722 2605 928 2666 Lachmannus
945 2604 964 2665 l.
983 2605 1007 2665 V
1024 2626 1067 2667 vv.

60 2691 238 2756 110-236
269 2693 437 2775 secluserit,
465 2713 532 2756 cum
558 2702 646 2774 poeta
673 2694 822 2774 praelatus
849 2696 888 2753 sit
915 2712 960 2775 se,
988 2702 1068 2756 ante-

57 2800 148 2861 quam
177 2782 213 2841 de
242 2781 341 2842 futuro
368 2782 471 2843 mundi
498 2784 621 2843 interitu
644 2783 776 2863 doceret,
800 2782 1068 2845 demonstraturum

57 2889 125 2931 esse
155 2888 216 2930 non
247 2886 313 2930 esse
340 2872 463 2949 impium
494 2871 562 2931 talia
590 2870 721 2932 credere.
772 2878 852 2931 recte
880 2887 949 2932 vero
976 2870 1068 2931 Lach-

57 2977 186 3019 mannus
210 2956 331 3019 seclusit
349 2956 367 3018 l.
387 2958 425 3017 IV
444 2954 618 3021 804-838
643 2953 832 3041 (822-857
851 2951 929 3041 Lm.)
953 2966 982 3019 et
1004 2958 1023 3019 l.
1046 2958 1070 3017 V

59 3043 278 3109 toro-1091
305 3039 540 3128 (1091-1104
557 3040 644 3130 Lm).
682 3047 729 3107 his
752 3047 825 3108 locis
843 3047 968 3107 fortasse
986 3054 1069 3125 pote-

57 3154 122 3196 ram
145 3134 263 3215 addere,
287 3132 323 3195 de
346 3132 454 3213 quibus
477 3154 566 3215 supra
587 3136 742 3217 disputavi,
764 3154 808 3197 vv.
826 3134 866 3194 lll
883 3131 1068 3213 463-471.

57 3231 212 3303 praeterea
243 3222 378 3283 nonnulli
410 3230 478 3285 sunt
506 3224 576 3306 loci,
604 3242 679 3303 quos
706 3232 756 3285 aut
782 3226 896 3303 primus
924 3231 974 3285 ant
1002 3242 1069 3285 oum

57 3315 164 3391 primis
188 3310 312 3373 seclusi:
337 3312 415 3391 quod
438 3312 546 3391 quibus
570 3312 734 3372 rationibus
756 3311 863 3372 ductus
890 3314 921 3371 in
946 3311 1069 3389 singulis

58 3400 195 3481 fecerim,
224 3401 256 3459 in
284 3399 375 3460 altera
402 3400 491 3460 huius
513 3401 703 3479 praefationis
726 3406 809 3478 parte
832 3397 953 3459 docebo.
1000 3406 1070 3458 sunt

60 3495 158 3549 autem
190 3488 256 3548 hioe
287 3487 344 3548 loci
372 3488 385 3548 l
411 3484 727 3568 6-9,130-139
756 3479 954 3569 (136-145
981 3479 1069 3568 Lm),
