2484 3800
166 178 230 243 100
650 174 690 230 IV

236 324 367 403 undique
389 326 434 385 uti
455 325 593 386 tenebras
616 326 712 385 omnis
734 323 900 383 Acherunta
923 324 1017 383 rearis
1137 344 1181 385 uo

237 412 360 491 liquisse
383 419 413 473 et
434 431 554 491 magnas
577 413 651 474 caeli
674 411 836 490 complesse
859 428 1008 471 cavernas.

169 518 219 567 135
237 519 331 579 usque
354 500 426 561 adeo
449 508 543 562 taetra
565 501 733 562 nimborum
755 505 840 560 nocte
863 506 964 560 coorta

167 605 220 656 171
236 588 398 668 inpendent
420 595 499 649 atrae
522 589 688 649 formidinis
712 606 763 649 ora
785 605 921 667 superne.
944 669 954 757 U
1137 609 1180 648 us

659 696 677 735 s

283 764 368 825 Nunc
390 783 456 845 age,
479 783 566 843 quam
589 768 673 826 tenui
694 771 797 826 natura
820 770 935 825 constet
956 765 1053 841 imago
1137 784 1180 823 no

239 855 367 932 percipe.
404 860 433 913 et
455 855 486 912 in
508 855 628 934 primis,
651 854 789 932 quoniam
810 851 972 931 primordia
994 856 1111 911 tantum

169 958 223 1007 110
238 948 308 1001 sunt
330 941 406 1001 inlra
428 948 546 1001 nostros
570 959 675 1002 sensus
696 948 836 1019 tantoque
858 942 973 1001 minora

172 1046 223 1095 140
241 1047 327 1107 quam
352 1047 425 1107 qnae
448 1031 577 1107 primum
600 1029 679 1090 oculi
697 1035 833 1109 coeptant
850 1047 909 1089 non
927 1045 1015 1106 posse
1033 1028 1114 1087 tueri
1133 1060 1179 1068 —

241 1136 319 1178 nunc
342 1124 440 1177 tamen
462 1116 492 1176 id
516 1136 633 1197 quoque
656 1120 701 1178 uti
722 1118 906 1197 confirmem,
931 1114 1053 1176 exordia
1074 1132 1179 1175 rernm

242 1212 413 1266 cunctarum
436 1223 524 1283 quam
547 1208 607 1266 sint
630 1204 748 1266 subtilia
769 1207 889 1284 percipe
911 1206 1023 1283 paucis.
1139 1226 1179 1265 ns

241 1295 369 1372 primum
392 1292 527 1353 animalia
550 1300 619 1354 sunt
642 1296 701 1354 iam
723 1295 829 1373 partim
852 1291 977 1372 tantula,
1000 1308 1129 1371 quorum

172 1398 225 1448 115
240 1384 328 1442 tertia
349 1400 418 1460 pars
440 1381 520 1442 nulla
542 1383 637 1460 possit
659 1383 772 1442 ratione
794 1381 895 1441 videri.

174 1485 224 1536 145
243 1469 348 1530 borum
370 1471 544 1530 intestinum
567 1469 690 1548 quodvis
714 1469 799 1548 quale
821 1488 887 1529 csse
909 1466 1115 1547 putandumst!

244 1558 314 1636 qnid
329 1557 426 1617 cordis
440 1556 544 1636 globus
555 1554 713 1618 autoculi?
736 1554 968 1636 quidmcmbra?
991 1553 1180 1635 qnidartus?

244 1644 383 1723 quantula
407 1644 488 1705 sunt!
524 1645 595 1724 quid
617 1653 770 1724 praeterea
791 1645 953 1725 primordia
976 1662 1126 1725 quaeque,
1141 1666 1181 1705 rso

244 1731 322 1793 unde
346 1734 442 1793 anima
463 1740 550 1812 atque
572 1736 664 1794 animi
686 1740 801 1794 constet
821 1739 926 1794 natura
948 1729 1157 1793 necessumst?

173 1836 341 1888 120nonne
364 1820 446 1881 vides
469 1839 556 1899 quam
579 1824 639 1881 sint
661 1821 779 1882 subtilia
803 1839 948 1900 quamque
970 1817 1106 1881 minuta?

176 1925 227 1976 150
244 1915 396 1988 praeterea
419 1928 620 1989 quaecumque
644 1929 697 1971 suo
720 1910 756 1970 de
780 1929 902 1990 corpore
926 1909 1048 1970 odorem

244 1999 379 2076 expirant
400 2015 512 2079 acrem,
534 2017 659 2076 panaces
683 1997 828 2059 absinthia
850 2005 943 2058 taetra

244 2084 457 2164 habrotonique
480 2104 583 2164 graves
605 2093 636 2146 et
658 2088 753 2147 tristia
776 2093 946 2166 centaurea,
1142 2110 1182 2148 rso

176 2190 232 2243 124
245 2191 370 2252 qnorum
392 2191 485 2235 unum
507 2174 622 2252 quidvis
644 2173 748 2235 leviter
770 2176 797 2234 si
818 2175 893 2235 forte
917 2174 1033 2234 duobus
1142 2197 1181 2236 ue

667 2280 686 2321 s

175 2367 231 2418 172
246 2368 372 2428 quorum
395 2348 533 2428 quantula
554 2368 624 2429 pars
647 2352 686 2410 sit
706 2352 802 2430 imago
826 2349 925 2410 dicere
946 2357 1065 2410 nemost
1142 2372 1183 2412 m

178 2453 228 2502 155
247 2438 299 2517 qui
321 2439 428 2517 possit,
450 2455 545 2516 neque
568 2456 633 2498 eam
655 2440 800 2498 rationem
821 2437 946 2498 reddere
969 2437 1066 2498 dictis.
1141 2460 1183 2500 ras

177 2541 228 2592 141
290 2525 374 2586 Nunc
397 2543 431 2586 ea
454 2543 541 2604 quam
564 2525 644 2586 facili
666 2533 696 2586 et
718 2525 808 2586 celeri
830 2528 942 2586 ratione
965 2533 1112 2604 genantur
1142 2550 1183 2589 us

247 2620 448 2692 perpetuoque
470 2613 562 2674 llnant
584 2613 619 2674 ab
642 2613 731 2674 rebus
754 2613 893 2692 lapsaque
916 2612 1022 2674 cedant

240 2807 357 2868 semper
379 2791 458 2849 enim
481 2806 628 2850 summum
652 2789 791 2869 quicquid
814 2790 850 2850 de
872 2789 963 2850 rebus
985 2788 1184 2870 abundat,1c⁵

249 2877 326 2955 quod
353 2876 526 2938 laedentur.
563 2884 592 2937 et
618 2877 674 2938 hoc
700 2885 795 2939 certas
818 2895 885 2939 cum
906 2880 1042 2956 pervenit
1064 2880 1096 2937 in
1119 2896 1184 2959 res,

180 2981 230 3030 too
248 2966 368 3045 transit,
389 2971 423 3025 ut
445 2966 602 3043 inprimis
624 2972 749 3026 vestem:
773 2966 824 3026 sed
847 2965 899 3026 nbi
921 2983 1025 3044 aspera
1048 2983 1117 3027 saxa

178 3068 233 3120 14⁶
251 3059 300 3112 aut
322 3054 353 3112 in
375 3055 528 3113 materiam
550 3052 623 3132 ligni
644 3056 791 3134 pervenit,
813 3053 856 3114 ibi
878 3055 937 3114 iam

250 3138 406 3220 scinditur,
428 3147 462 3200 nt
483 3140 597 3201 nullum
619 3141 809 3203 simulacrum
831 3141 956 3202 reddere
978 3144 1082 3221 possit.

250 3232 279 3286 at
301 3243 368 3285 cnm
391 3226 542 3305 splendida
566 3248 639 3308 quae
663 3237 799 3290 constant
819 3237 942 3309 opposta
964 3230 1085 3291 luerunt
1142 3255 1186 3295 rso

250 3312 408 3393 densaque,
430 3317 516 3374 utin
538 3319 642 3394 primis
666 3317 855 3398 speculumst,
877 3317 919 3378 nil
941 3318 1050 3379 accidit
1067 3319 1186 3381 horum.

181 3416 317 3467 tonnam
335 3417 440 3480 neque,
462 3405 507 3460 uti
524 3409 645 3485 vestem,
667 3413 791 3485 possunt
808 3407 945 3487 transire,
967 3425 1065 3486 neque
1084 3415 1187 3469 autem

180 3486 357 3567 151seindi3
380 3505 466 3564 quam
488 3493 623 3552 meminit
644 3491 724 3554 levor
747 3501 896 3572 praestare
920 3492 1054 3556 salutem.
