2484 3800
157 139 223 203 104
644 137 684 192 IV

228 285 347 346 aeribus
369 284 448 345 binis
471 287 610 364 quoniam
633 304 682 345 res
704 286 794 346 confit
818 292 952 364 utraque.

156 390 210 440 111
229 392 308 434 nunc
334 391 368 433 ea
390 392 463 452 quae
486 372 573 433 nobis
594 373 796 434 membrorum
818 373 939 434 dextera
962 390 1031 451 pars
1053 378 1110 451 est,

157 478 215 531 291
230 464 261 521 in
285 460 412 540 speculis
434 462 468 523 fit
489 469 523 523 ut
544 464 576 521 in
598 460 680 522 laeva
702 462 835 522 videatur
858 479 893 521 1ο
918 460 996 540 quod

228 549 380 629 planitiem
402 549 439 609 ad
462 548 576 629 speculi
596 552 718 611 veniens
741 568 808 611 cum
831 549 955 610 offendit
977 551 1084 629 imago,

229 656 289 698 nen
311 640 493 698 convertitur
514 636 685 718 incolumis,
707 638 761 698 sed
782 644 863 699 reeta
886 644 1051 698 retrorsum
1124 655 1160 696 res

231 729 274 787 sic
296 726 429 807 eliditur,
451 733 485 786 ut
508 728 615 807 siquis,
637 728 720 805 prius
743 726 825 787 arida
848 744 935 804 quam
959 728 999 785 sit

159 830 213 881 280
231 821 328 875 cretea
350 827 489 893 persona,
511 814 621 875 adlidat
642 814 755 894 pilaeve
776 813 902 894 trabive,

158 919 219 971 296
230 910 318 982 atque
341 921 375 963 ea
397 904 536 963 continuo
560 910 671 963 rectam
694 905 720 963 si
742 903 818 962 forte
841 903 966 981 liguram

231 998 328 1051 servet
351 998 381 1051 et
402 990 506 1052 elisam
528 998 609 1051 retro
633 1009 699 1051 sese
721 992 868 1069 exprimat
889 993 962 1069 ipsa.
1124 1009 1161 1050 sss

231 1080 282 1140 liet
303 1082 358 1158 ita,
380 1086 447 1139 ante
470 1078 574 1139 oculus
596 1079 687 1139 fuerit
709 1081 760 1157 qui
782 1079 898 1160 dexter,
920 1085 955 1139 ut
977 1077 1056 1139 idem

231 1186 310 1228 nunc
333 1170 373 1227 sit
394 1167 507 1249 laevus,
529 1175 560 1227 et
582 1186 598 1227 e
620 1167 703 1227 laevo
726 1169 766 1227 sit
788 1175 889 1228 mutua
912 1166 1025 1227 dexter.
1124 1186 1161 1227 ess

160 1272 213 1323 285
232 1257 265 1316 fit
288 1273 404 1335 quoque
428 1255 464 1315 de
487 1254 607 1335 speculo
630 1258 662 1316 in
685 1254 838 1335 speculum
858 1262 893 1315 ut
910 1254 1044 1315 tradatur
1062 1256 1162 1332 image,

160 1361 214 1412 301
232 1346 361 1423 quinque
384 1346 473 1404 etiam
495 1362 582 1405 sexve
603 1351 638 1404 ut
659 1344 725 1404 lieri
747 1344 903 1404 simulacra
926 1345 1050 1403 suerint.

232 1450 300 1492 nam
323 1450 525 1510 quaecumque
546 1439 627 1492 retro
651 1438 734 1510 parte
757 1433 898 1492 interiore
921 1430 1069 1512 latebunt,

232 1520 301 1580 inde
323 1527 435 1601 tamen,
458 1522 591 1598 quamvis
612 1527 690 1580 torte
712 1522 890 1599 penitusque
912 1527 1041 1601 remota,

233 1610 330 1668 omnia
352 1625 407 1687 per
428 1606 520 1667 llexos
543 1607 640 1668 aditus
663 1608 768 1668 educta
789 1607 890 1669 licebit
1128 1628 1166 1669 scr

161 1712 214 1761 290
232 1694 368 1774 pluribus
390 1695 463 1755 haec
485 1695 614 1774 speculis
637 1695 791 1756 videantur
813 1698 845 1755 in
867 1694 990 1756 aedibus
1015 1714 1090 1756 esse.

160 1800 218 1851 306
231 1801 326 1861 usque
349 1782 421 1843 adeo
444 1800 461 1844 e
482 1783 601 1861 speculo
625 1786 656 1844 in
679 1783 831 1863 speculum
853 1782 1017 1844 translucet
1038 1786 1146 1864 imago,

234 1877 353 1932 etcum
375 1870 455 1931 laeva
478 1870 585 1954 datast,
607 1872 641 1933 lit
663 1890 781 1933 rursum
804 1878 838 1933 ut
860 1872 981 1933 dextera
1003 1872 1067 1954 liat,

233 1959 303 2020 inde
326 1966 406 2019 retro
429 1977 549 2020 rursum
570 1960 649 2020 redit
671 1968 702 2020 et
723 1962 867 2021 convertit
890 1960 1003 2021 ecdem.

234 2049 417 2126 quinetiam
441 2066 642 2131 quaecumque
664 2047 807 2109 latuscula
830 2055 900 2109 sunt
923 2048 1114 2128 speculorum
1131 2070 1169 2112 scs

161 2153 214 2202 295
233 2135 361 2196 adsimili
383 2135 483 2195 lateris
506 2135 618 2197 llcxura
639 2136 772 2215 praedita
793 2139 901 2218 nestri,

160 2240 214 2292 311
232 2223 352 2284 dextera
375 2230 531 2302 eapropter
552 2223 638 2283 nobis
661 2222 817 2285 simulacra
842 2226 1011 2305 remittunt,

233 2319 284 2372 aut
306 2314 374 2391 quia
397 2310 433 2371 de
457 2311 576 2390 speculo
598 2313 631 2370 in
653 2311 806 2390 speculum
828 2312 1007 2373 transfertur
1030 2315 1140 2394 imago,

233 2399 302 2459 inde
325 2399 362 2460 ad
384 2417 439 2458 nos
462 2398 533 2458 elisa
555 2398 603 2459 bis
627 2398 752 2480 advelat,
776 2403 937 2461 autetiam
961 2400 1040 2479 quod

234 2490 346 2548 circum
368 2489 473 2567 agitur,
496 2504 564 2547 cum
586 2489 679 2568 venit,
701 2489 798 2566 imago
820 2495 979 2567 propterea
1001 2488 1082 2568 quod
1132 2513 1171 2552 esc

161 2592 215 2642 300
233 2575 308 2635 llexa
330 2575 424 2653 figura
447 2574 533 2635 docet
555 2575 669 2652 speculi
691 2578 857 2636 convertier
879 2576 916 2636 ad
939 2595 1002 2637 nos.

160 2678 218 2730 316
231 2662 388 2740 indugredi
410 2679 499 2740 porro
521 2664 634 2740 pariter
656 2661 811 2724 simulacra
833 2664 1000 2743 pedemque

233 2767 344 2828 ponere
366 2748 523 2810 nobiscum
545 2748 648 2811 credas
671 2757 844 2830 gestumque
868 2754 979 2813 imitari

233 2844 390 2916 propterea
413 2839 494 2917 quia,
516 2836 553 2896 de
576 2837 689 2916 speculi
712 2856 768 2916 qua
790 2848 874 2918 parte
898 2840 1035 2923 recedas,

235 2927 374 2986 continue
396 2931 548 3003 nequeunt
570 2924 652 2984 illinc
675 2925 830 2987 simulacra
848 2931 971 3009 reverti3
1132 2952 1170 2993 sss

162 3016 332 3079 cesennia
355 3013 592 3093 quandoquidem
615 3015 695 3092 cogit
715 3020 820 3075 natura
843 3016 951 3076 relerri

161 3117 270 3169 321ac
292 3101 408 3162 resilire
432 3100 467 3161 ab
491 3101 581 3162 rebus
603 3100 640 3161 ad
664 3119 772 3180 aequos
795 3102 910 3163 reddita
932 3104 1038 3165 llexus.

278 3183 288 3270 ll
301 3188 459 3267 Splendida
481 3207 570 3267 porro
594 3189 672 3250 oculi
694 3190 820 3268 fugitant
842 3194 993 3271 vitantque
1017 3196 1108 3255 tueri:
1132 3218 1170 3258 ree

235 3276 280 3336 sol
303 3278 391 3335 etiam
415 3283 527 3356 caecat,
549 3284 652 3339 contra
675 3281 701 3338 si
723 3279 845 3340 tendere
868 3299 989 3361 pergas,
1133 3307 1171 3347 ecc

234 3369 391 3443 prepterea
414 3365 483 3439 quia
505 3366 549 3423 vis
571 3373 706 3444 magnast
727 3369 835 3448 ipsius,
858 3375 889 3429 et
911 3368 969 3429 alte

162 3469 217 3518 ³10
236 3456 304 3512 atra
325 3467 380 3529 per
403 3467 511 3528 purum
534 3455 662 3529 graviter
685 3454 842 3516 simulacra
864 3457 1003 3518 feruntur
