2484 3800
154 139 219 196 VIII
518 142 801 198 PROLEGOIIENA.

153 306 231 366 nam,
250 293 283 347 ut
301 286 356 346 alla
373 295 566 369 praeteream,
590 307 688 350 nonne
709 308 830 350 necesse
849 296 895 350 est
913 292 956 350 eis
973 308 1021 350 me
1039 307 1163 368 respon-

155 376 235 454 dere,
257 377 309 453 qui
331 375 455 436 fortasse
480 385 632 457 quaerent,
655 380 706 455 qui
728 378 838 439 lactum
860 380 912 458 sit,
935 385 981 459 ut,
1005 397 1072 438 cum
1094 385 1164 437 ante

154 481 247 543 paene
275 465 379 542 viginti
406 483 498 524 annos
525 465 675 544 pollicitus
702 468 759 526 sim
786 484 835 526 me
860 484 978 526 carmen
1001 467 1038 526 de
1060 484 1168 526 rerum

154 559 258 612 natura
286 551 435 612 editurum
463 571 528 612 csse
556 553 727 633 dupliciter,
754 561 787 614 ut
814 553 905 614 altera
933 555 1022 614 editio
1047 561 1162 614 textum

155 639 308 700 exhiberet
340 642 550 701 commentario
582 644 773 723 instructum,
808 642 899 702 altera
929 661 1051 722 purum,
1082 660 1161 702 nunc

155 729 274 789 demum
297 731 437 806 promissi
459 736 574 807 partem
594 727 764 808 praestem?
800 731 878 809 quod
902 733 929 791 si
947 733 1013 809 quis
1031 736 1162 809 quaerat,

154 816 349 895 respondeam
370 817 439 876 inde
457 816 513 876 hoc
531 818 642 878 lactum
660 837 735 899 esse,
758 819 837 897 qnod
856 837 914 898 quo
933 821 1044 878 maiore
1063 817 1161 878 studio

154 905 191 965 ad
223 907 373 983 negotium
405 912 576 983 susceptum
604 924 652 966 me
680 906 793 986 darem,
827 925 861 967 eo
888 909 1000 967 maiora
1028 913 1057 966 et
1084 905 1162 966 diffi-

155 992 257 1053 ciliora
285 993 357 1053 mihi
385 996 581 1075 occurrerint,
609 994 718 1074 quibus
744 1013 804 1055 non
831 1003 898 1056 ante
921 997 1104 1074 perpurgat'n
1127 993 1162 1052 id

155 1081 233 1160 quod
269 1081 408 1142 deberem
444 1090 595 1161 praestare
631 1101 690 1143 non
727 1101 854 1161 possem.
905 1101 979 1162 quae
1010 1101 1081 1143 vero
1108 1079 1163 1140 illa

154 1170 277 1250 luerint,
308 1187 377 1228 mox
409 1170 625 1230 demonstrabo.
674 1189 754 1231 nunc
784 1171 821 1231 de
848 1173 925 1232 meis
950 1168 1163 1248 scriptionibus

154 1257 310 1318 absolvam.
362 1275 415 1334 ego
448 1277 515 1318 cum
546 1258 835 1336 duodequadraginta
866 1277 921 1337 per
951 1277 1044 1318 annos
1073 1263 1161 1335 quot-

155 1347 240 1404 annis
272 1344 308 1404 ad
335 1342 506 1405 Lucretium
537 1345 695 1423 legendum
723 1353 889 1407 reverterer
917 1353 946 1406 et
971 1352 1160 1425 perscrutan-

156 1433 235 1511 dum,
254 1434 286 1491 in
303 1431 454 1510 prioribus
473 1440 611 1511 quattuor
629 1433 715 1494 libris
734 1453 808 1513 quae
822 1437 930 1516 iuveni,
948 1435 1164 1494 communicari

155 1538 223 1581 cum
249 1519 407 1579 Francisco
438 1520 630 1603 Susamiblio,
661 1523 724 1582 viro
757 1530 787 1582 et
813 1522 850 1581 de
875 1521 994 1582 Lucreti
1019 1523 1163 1581 carminis

155 1607 360 1668 emendatione
387 1615 417 1668 et
444 1608 639 1687 explicatione
667 1616 696 1669 et
723 1609 759 1669 de
786 1612 861 1669 mels
886 1612 919 1669 in
941 1629 976 1670 ea
995 1627 1028 1669 re
1051 1608 1164 1668 studiis

156 1697 266 1774 optime
285 1697 399 1755 merito.
437 1699 497 1776 qui,
515 1697 594 1774 quod
612 1703 737 1775 uterque
756 1705 890 1758 nostrum
904 1699 1031 1776 scripsit,
1049 1698 1164 1757 utrius-

156 1802 213 1863 que
245 1785 364 1843 nomine
397 1783 563 1862 subscripto
596 1785 688 1845 edidit
720 1787 751 1845 in
782 1786 828 1845 his
860 1784 1028 1864 philolologi
1055 1787 1164 1844 tomis:
1239 1808 1240 1823 2

154 1870 219 1933 XIV
246 1867 438 1934 550—567.
487 1871 580 1933 XXIII
609 1869 808 1955 455—472,
831 1869 1022 1936 623—643.
1069 1871 1166 1932 XXIV

154 1956 349 2020 422-453.
402 1960 493 2020 XXIV
528 1958 678 2023 67—91.
730 1962 833 2022 XXVII
867 1958 1013 2024 28-57.
1066 1960 1166 2020 XXIX

154 2044 340 2109 417-447.
376 2047 482 2108 XXXII
498 2045 684 2111 478-489.
720 2050 839 2110 XXXIII
855 2045 1038 2110 431-448.
1080 2048 1166 2108 idem

156 2155 210 2214 ego
242 2136 311 2196 inde
344 2135 379 2195 ab
410 2154 486 2196 anno
515 2134 600 2199 1873
628 2156 722 2216 usque
750 2140 786 2198 ad
813 2156 920 2198 annum
949 2133 1035 2208 1889
1062 2138 1166 2195 omnia

156 2242 348 2303 quaecunque
376 2224 412 2284 de
435 2223 555 2285 Lucreti
583 2227 642 2284 rita
664 2228 783 2303 ingenio
806 2226 946 2303 doctrina,
969 2224 1005 2284 de
1029 2226 1166 2283 carmine

156 2315 220 2373 eius
242 2311 289 2372 vel
312 2312 494 2372 emendando
517 2310 562 2371 rel
585 2314 815 2394 interpretando,
839 2313 875 2373 de
896 2329 1033 2371 sermone
1051 2309 1167 2371 Lucre·

154 2403 235 2460 tiano
263 2407 351 2479 atque
379 2400 415 2460 de
444 2402 516 2459 artIs
543 2402 683 2460 metricae
709 2400 824 2478 legibus
853 2417 924 2477 quas
951 2399 1121 2477 probaverit
1148 2418 1168 2458 a

155 2490 227 2548 viris
246 2488 342 2548 doctis
360 2488 507 2567 disputata
526 2494 603 2567 sunt,
624 2506 698 2566 quae
717 2488 835 2565 quidem
850 2489 991 2564 consequi
1004 2488 1168 2566 potuerim,

155 2577 294 2635 recensui
322 2577 353 2634 in
380 2574 535 2636 annalibus
558 2574 750 2635 LucretIanis.
795 2592 852 2653 quo
878 2576 909 2633 in
931 2576 1049 2651 negotio
1072 2572 1168 2633 habui

157 2662 235 2741 quod
268 2680 410 2739 sequerer
437 2661 619 2723 luculentum
646 2662 791 2721 Friderici
816 2660 903 2722 Pollii
916 2660 1079 2740 exemplar,
1112 2665 1169 2738 qui

156 2752 187 2809 in
205 2748 306 2829 philol.
320 2755 340 2808 t.
355 2750 432 2810 XXV
444 2746 622 2812 480—530
637 2755 666 2808 et
679 2748 769 2808 XXVI
785 2744 968 2827 294-345,
986 2744 1170 2810 524-565

156 2856 207 2898 eos
240 2836 355 2896 libellos
387 2845 417 2897 et
449 2838 674 2898 dissertationes
700 2838 850 2897 recensuit
877 2853 993 2915 omnes,
1026 2853 1100 2913 quae
1129 2837 1170 2896 ad

155 2924 331 2985 Lucretiana
359 2925 455 2985 studia
480 2928 664 3003 pertinentes
687 2924 756 2984 inde
778 2923 815 2983 ab
837 2921 1018 2982 Lachmanni
1042 2929 1072 2982 et
1093 2921 1170 2983 Ber-

156 3015 251 3092 naysii
274 3012 454 3073 editionibus
477 3031 571 3091 usque
594 3012 632 3073 ad
654 3029 763 3071 annum
784 3007 869 3072 1866
887 3008 1067 3087 prodierant.
1109 3030 1172 3089 qua

156 3103 187 3161 in
220 3102 393 3160 recensione
426 3118 540 3160 summa
571 3101 737 3180 diligentia,
768 3114 883 3158 summo
909 3094 1025 3175 labore,
1052 3116 1172 3158 summa

156 3188 285 3267 denique
313 3188 416 3248 iudicii
444 3190 568 3249 sanitate
591 3206 656 3249 rem
679 3189 719 3247 ita
741 3188 846 3265 gessit,
872 3189 904 3242 ut
926 3186 1098 3262 quicunque
1120 3186 1172 3246 his

156 3276 264 3337 studiis
297 3292 328 3335 so
361 3276 519 3355 dederunt,
550 3276 712 3356 plurimum
744 3292 776 3334 se
804 3274 833 3332 ei
860 3269 970 3329 debere
998 3275 1172 3349 gratissimo

156 3364 352 3425 confiteantur
374 3366 481 3424 animo.

244 3451 311 3529 Ipse
333 3469 404 3512 vero
427 3467 495 3510 cum
516 3468 570 3529 per
588 3458 649 3511 tam
668 3450 787 3527 longum
805 3442 938 3505 morulis
957 3447 1022 3518 aeri
1041 3449 1173 3526 spatium
