2484 3800
590 134 617 189 V
1040 136 1103 201 139

94 296 152 347 280
170 282 215 340 sic
238 282 328 358 igitur
351 279 443 341 solem
466 279 565 340 lunam
588 279 747 360 stellasque
769 282 960 360 putandumst

173 386 210 429 ex
233 367 289 428 alio
313 374 400 447 atque
424 368 480 428 alio
504 367 598 428 lucem
622 370 730 429 iactare
753 369 876 431 subortu

172 462 203 517 et
224 459 353 536 primum
377 456 517 535 quioquid
540 456 724 517 flammarum
747 458 871 535 perdere
895 476 1025 539 semper,

95 560 155 612 305
168 543 348 605 inviolabilia
370 544 442 605 haec
464 562 503 605 ne
527 543 630 604 credas
653 545 728 605 torte
750 547 858 623 vigere.
1064 569 1104 610 eoa

97 688 101 697 ,
217 632 301 703 Quod
324 639 468 713 superest,
490 650 593 693 umore
615 649 692 693 novo
712 650 795 693 mare
817 633 937 694 flumina
955 635 1051 695 tontes
1064 657 1103 697 eor

95 735 153 786 286
172 738 291 799 semper
313 720 462 781 abundare
486 726 516 780 et
537 720 639 781 latices
662 738 781 780 manare
802 713 941 799 perennis

170 808 214 868 nil
236 826 310 887 opus
335 815 380 868 est
403 808 513 869 verbis:
535 826 659 887 magnus
683 809 824 869 decursus
847 827 989 887 aquarum

171 896 302 976 undique
326 895 462 957 declarat.
500 895 551 956 sed
573 899 703 975 primum
725 897 866 975 quicquid
889 900 975 976 aquai

96 1000 157 1053 265
169 984 296 1066 tollitur,
319 986 350 1043 in
374 1002 545 1063 summaque
567 984 601 1043 iit
623 990 657 1045 ut
678 983 721 1043 nil
743 1002 829 1045 umor
852 984 992 1067 abundet,
1063 1010 1103 1050 eoo

171 1074 279 1151 partim
303 1071 381 1151 quod
403 1072 492 1132 validi
513 1079 667 1132 verrentes
689 1090 815 1151 aequora
837 1076 918 1133 venti

97 1175 153 1226 290
172 1160 342 1221 diminuunt
363 1160 512 1239 radiisque
535 1166 674 1220 retexens
696 1161 845 1222 aetherius
867 1160 925 1242 sol,

171 1251 279 1327 partim
302 1248 380 1327 quod
405 1254 506 1327 supter
528 1266 582 1327 per
603 1254 699 1308 terras
722 1248 833 1309 diditur
855 1252 964 1310 omnis:

171 1336 339 1415 percolatur
362 1338 442 1396 enim
464 1338 558 1416 virus,
581 1342 721 1414 retroque
744 1344 876 1396 remanat

96 1439 159 1491 270
170 1426 309 1485 materies
331 1426 444 1485 umoris
467 1430 498 1484 et
520 1423 556 1484 ad
578 1430 667 1502 caput
689 1424 824 1484 amnibus
846 1427 942 1485 omnis
1064 1449 1104 1489 ero

172 1514 321 1594 convenit,
344 1511 414 1572 inde
437 1529 527 1591 super
549 1518 644 1572 terras
667 1511 733 1571 lluit
755 1514 870 1591 agmine
893 1512 973 1574 dulci

98 1616 229 1680 tesqua
252 1602 298 1661 via
322 1606 401 1660 secta
425 1599 516 1660 semel
538 1598 650 1678 liquido
672 1600 747 1679 pede
770 1600 876 1661 detulit
897 1601 998 1662 undas.
1063 1626 1102 1666 ore

97 1702 157 1753 306
213 1688 345 1768 llenique
363 1706 423 1749 non
441 1687 553 1766 lapides
572 1705 688 1766 quoque
707 1690 786 1749 vinci
803 1691 901 1749 cernis
920 1689 1103 1772 abnerque

171 1794 232 1837 non
255 1775 326 1838 altas
348 1778 441 1837 turris
464 1792 551 1836 ruere
574 1781 604 1835 et
626 1782 798 1854 putrescere
821 1795 904 1859 saxa,

171 1883 231 1926 non
254 1863 377 1926 delubra
399 1864 487 1924 deum
510 1862 725 1942 simulacraque
747 1865 824 1926 fessa
847 1866 956 1949 latisei,

172 1972 229 2015 nec
251 1961 386 2014 sanctum
408 1969 518 2013 numen
541 1952 593 2012 lati
615 1951 774 2030 protollere
796 1955 865 2014 finis

99 2056 155 2106 300
172 2059 261 2121 posse
283 2059 380 2120 neque
403 2039 543 2100 adversus
565 2047 687 2100 naturae
710 2040 829 2100 foedera
850 2038 927 2103 niti?
1064 2066 1103 2106 ero

100 2143 155 2195 311
172 2129 299 2207 denique
322 2147 382 2189 non
404 2130 584 2188 monimenta
606 2130 702 2188 virum
725 2127 837 2206 dilapsa
858 2127 1013 2192 videmus?

174 2235 316 2296 quaerere
339 2213 511 2296 †proporro
534 2214 592 2275 sihi
613 2211 767 2294 †cumque
791 2233 947 2277 senescere
971 2217 1082 2279 credas.

144 2367 146 2372 .
172 2324 232 2366 non
255 2323 342 2365 ruere
366 2303 480 2364 avolsos
502 2303 601 2363 silices
624 2321 641 2362 a
663 2303 813 2364 montibus
836 2302 901 2363 altis

173 2411 229 2454 nec
251 2392 360 2453 validas
384 2394 450 2452 aevi
471 2393 550 2451 vires
571 2391 704 2470 perterre
726 2392 847 2470 patique

102 2491 154 2540 305
172 2477 270 2542 liniti?
305 2498 402 2561 neque
425 2481 506 2540 enim
528 2479 667 2540 caderent
689 2478 785 2539 avolsa
807 2486 943 2561 repente,
1064 2500 1104 2564 ero

103 2581 157 2634 316
174 2588 210 2630 ex
232 2570 348 2629 infinito
372 2586 446 2646 quae
469 2575 601 2646 tempore
624 2567 867 2647 pertolerassent*

173 2659 270 2718 omnia
293 2663 439 2717 tormenta
462 2658 579 2737 aetatis,
600 2659 714 2734 privata
736 2656 859 2734 fragore.

217 2745 349 2823 Denique
364 2746 422 2804 iam
435 2750 519 2805 tuere
533 2744 599 2825 hoc,
613 2746 726 2804 circum
740 2761 886 2822 supraque
899 2742 977 2821 quod
987 2759 1103 2803 omnem

173 2835 304 2894 continet
327 2832 462 2912 amplexu
484 2839 607 2892 terram:
632 2834 659 2892 si
680 2840 816 2910 procreat
839 2848 875 2890 ex
898 2849 931 2890 se

103 2938 154 2989 310
174 2924 279 3002 omnia,
299 2920 377 2999 quod
392 2920 511 2999 quidam
524 2926 697 3001 memorant,
713 2921 877 2998 recipitque
891 2925 1051 3001 perempta,
1065 2943 1105 2983 seo

103 3016 266 3080 321totum
289 3011 386 3069 nativo
410 3027 444 3068 ac
466 3007 583 3068 mortali
606 3025 728 3086 corpore
752 3013 874 3067 constat.

173 3116 240 3158 nam
265 3097 471 3175 quodcumque
492 3095 565 3156 alias
588 3114 625 3156 ex
648 3113 680 3155 se
703 3113 751 3155 res
774 3101 862 3172 auget
884 3093 1006 3177 alitque,

174 3186 306 3246 deminui
329 3183 430 3266 debet,
452 3186 594 3265 recreari,
618 3202 686 3244 cum
707 3184 814 3261 recipit
835 3201 893 3244 res.

216 3273 372 3334 Praeterea
395 3276 421 3333 si
442 3271 523 3332 nulla
545 3273 601 3333 luit
623 3269 758 3350 genitalis
781 3273 863 3349 origo

104 3377 153 3428 ato
172 3369 320 3423 terrarum
344 3368 373 3422 et
396 3359 470 3421 caeli
493 3377 668 3439 semperque
691 3366 811 3420 aeterna
833 3360 929 3440 luere,
1066 3380 1105 3421 ore

103 3466 157 3518 326
172 3469 225 3512 cur
248 3467 354 3529 supera
375 3448 486 3509 bellum
509 3447 680 3510 Thebanum
701 3455 732 3508 et
754 3448 857 3509 lunera
879 3448 984 3509 Troiae
