2484 3800
198 137 262 204 ire
326 84 337 107 ⁹
680 137 719 192 va

197 302 250 352 240
269 293 298 347 et
319 293 509 347 monumenta
531 288 627 347 virum
651 286 788 347 demoliri
809 293 897 365 atque
919 282 1041 368 †ciere,

267 376 434 435 exanimare
456 374 603 455 homines,
627 375 756 453 pecudes
778 382 967 453 prosternere
989 377 1117 454 passim,

129 524 132 529 Δ
268 471 365 522 cetera
388 462 424 522 de
447 480 555 541 genere
577 463 634 524 hoc
657 481 716 542 qua
737 466 765 522 vi
788 463 885 524 facere
908 465 1007 523 omnia
1029 465 1164 544 possint,

197 556 253 609 245
264 550 431 631 expediam,
454 569 550 629 neque
574 552 601 613 te
623 553 655 611 in
676 553 833 630 promissis
854 550 940 629 plura
961 550 1111 615 morabor.
1169 572 1213 614 ses

311 637 445 699 Fulmina
467 641 582 717 gignier
605 656 621 699 e
645 641 754 699 crassis
777 638 893 717 alteque
915 639 1111 718 putandumst

197 740 249 791 245
268 725 396 787 nubibus
418 729 574 787 extructist
597 744 665 787 nam
687 727 768 788 caelo
791 726 872 787 nulla
896 744 1002 787 sereno

267 832 323 875 nec
344 815 448 875 leviter
470 815 570 876 densis
593 817 751 876 mittuntur
773 814 902 876 nubibus
925 833 1073 893 nmquam.

267 921 335 963 nam
358 902 447 963 dnbio
469 903 573 981 procul
595 903 652 964 hoc
674 904 741 963 fieri
761 903 918 964 manifesta
940 902 1026 963 docet
1048 920 1113 984 res,

196 996 254 1049 250
266 991 344 1069 quod
366 998 430 1051 tum
451 1009 506 1069 per
526 998 621 1052 totum
645 998 840 1052 concrescunt
862 995 931 1051 aira
951 990 1060 1071 nubes,
1171 1014 1211 1054 rso

267 1079 397 1157 undique
420 1081 465 1139 uti
486 1079 624 1139 tenebras
647 1081 743 1140 omnis
766 1078 932 1140 Acherunta
955 1097 1075 1139 reamur
1170 1101 1208 1142 su

198 1184 250 1233 250
268 1167 390 1247 liquisse
413 1174 443 1227 et
464 1185 584 1245 magnas
606 1167 680 1228 caeli
703 1166 866 1245 complesse
889 1184 1042 1248 cavernas,
1170 1189 1210 1229 ese

197 1261 255 1315 255
268 1274 335 1316 cnm
358 1254 523 1316 commoliri
543 1262 705 1334 tempestas
726 1254 849 1316 fulmina
870 1261 995 1333 coeptat.
1167 1279 1210 1319 sss

268 1350 421 1422 practerea
442 1361 584 1422 persaepe
607 1346 692 1421 niger
715 1361 831 1422 quoque
854 1361 908 1422 per
929 1360 1010 1409 marc
1033 1342 1173 1424 nimbus,

269 1438 302 1493 ut
323 1433 398 1511 picis
421 1449 437 1491 e
461 1430 541 1492 caelo
564 1432 725 1492 demissum
747 1431 870 1512 flumen,
894 1432 926 1490 in
948 1431 1043 1491 undas

270 1521 313 1580 sic
335 1519 413 1580 cadit
435 1520 556 1581 effertus
578 1519 710 1580 tenebris
732 1519 836 1598 procul
858 1526 888 1579 et
910 1518 1000 1579 trahit
1022 1525 1118 1579 atram

199 1622 252 1672 256
270 1606 442 1669 fulminibus
466 1607 614 1685 gravidam
637 1614 842 1686 tempestatem
865 1614 953 1685 atque
975 1606 1131 1688 procellis,

199 1702 258 1755 260
271 1694 388 1774 ignibus
411 1714 445 1755 ac
467 1697 562 1756 ventis
585 1697 780 1774 cumprimis
803 1697 867 1774 ipse
890 1694 1033 1776 repletus,
1169 1721 1209 1759 seo

270 1785 301 1842 in
323 1790 404 1843 terra
426 1801 542 1862 qnoque
564 1791 598 1844 nt
619 1783 793 1843 horrescant
815 1802 850 1844 ac
870 1789 949 1843 tecta
971 1785 1137 1861 requirant

271 1872 427 1950 sicigitur
450 1889 556 1951 supera
577 1880 713 1934 nostrum
735 1878 823 1951 caput
844 1889 910 1933 esse
933 1870 1130 1950 putandumst

271 1967 476 2039 tempestatem
498 1959 593 2021 altam.
630 1979 726 2039 neque
749 1963 829 2020 enim
851 1959 975 2038 caligine
997 1966 1078 2020 tanta

201 2065 253 2115 260
270 2048 430 2109 obruerent
451 2055 559 2130 terras,
581 2050 641 2109 nisi
663 2048 846 2110 inaedificata
868 2065 995 2126 superne

199 2136 360 2198 265multa
382 2136 479 2196 forent
500 2136 601 2197 multis
625 2144 760 2215 exempto
783 2135 883 2198 nubila
905 2135 980 2196 sole:
1217 2176 1218 2201 r

270 2243 326 2285 nec
347 2231 428 2284 tanto
450 2231 573 2303 possent
594 2210 747 2285 venientes
770 2226 936 2303 opprimere
959 2223 1062 2304 imbri,

270 2312 391 2374 flumina
412 2312 561 2373 abundare
584 2321 618 2373 nt
639 2313 770 2374 facerent
791 2329 968 2391 camposque
990 2319 1110 2394 natare,
1213 2326 1215 2377 l

272 2403 298 2462 si
320 2419 380 2462 non
402 2407 553 2462 extructus
576 2401 653 2461 foret
675 2400 732 2460 alte
754 2399 883 2461 nubibus
906 2399 1015 2460 aether.

201 2506 252 2556 265
270 2489 318 2550 hic
341 2490 431 2566 igitur
453 2490 549 2548 ventis
572 2496 660 2568 atque
682 2487 800 2567 ignibus
823 2490 922 2549 omnia
943 2487 1028 2566 plena

198 2584 258 2636 270
269 2583 350 2637 sunt:
373 2576 440 2636 ideo
462 2579 573 2655 passim
595 2577 732 2637 fremitus
754 2584 785 2637 et
806 2576 922 2655 fulgura
944 2577 1027 2635 fiunt
1169 2599 1205 2640 ro

271 2667 378 2745 quippe
402 2667 511 2724 etenim
534 2682 624 2742 supra
647 2665 734 2725 docui
754 2664 900 2744 permulta
922 2665 1038 2742 vaporis

272 2755 384 2814 semina
406 2752 514 2813 babere
537 2771 622 2813 cavas
645 2752 752 2834 nubes,
775 2758 804 2812 et
826 2751 919 2813 multa
940 2759 1095 2812 necessest

270 2843 425 2919 concipere
448 2859 484 2901 ex
508 2840 579 2900 solis
600 2840 692 2900 radiis
715 2840 878 2918 ardoreque
901 2857 1011 2900 eorum.

201 2945 252 2994 2⁷0
270 2929 326 2988 hoc
348 2927 399 2988 ubi
421 2936 525 2989 ventus
549 2947 598 2988 eas
621 2929 701 2989 idem
724 2931 774 3007 qui
797 2930 876 3007 cogit
899 2930 930 2987 in
952 2945 1045 2988 unum

198 3022 257 3076 275
269 3017 344 3076 forte
367 3016 463 3077 locum
487 3018 634 3097 quemvis,
657 3018 803 3095 expressit
824 3015 915 3076 multa
937 3017 1055 3094 vaporis
1168 3041 1180 3079 s

272 3106 383 3163 semina
407 3122 496 3182 seque
520 3104 607 3164 simul
631 3123 698 3165 cnm
720 3122 755 3164 eo
779 3105 965 3165 commiscuit
987 3105 1065 3184 igni,

272 3192 437 3250 insinuatus
459 3190 502 3251 ibi
524 3199 626 3253 vortex
648 3199 782 3253 versatur
804 3195 836 3252 in
859 3199 922 3252 arto

272 3283 303 3336 et
325 3276 426 3336 calidis
448 3281 527 3340 acuit
548 3279 660 3341 fulmen
682 3279 850 3341 fornacibus
873 3283 966 3341 intus:

201 3380 253 3429 2⁷5
272 3380 340 3422 nam
364 3362 473 3440 duplici
495 3368 607 3428 ratione
631 3368 812 3447 accenditur,
835 3370 898 3446 ipse
923 3385 975 3428 sua
998 3386 1068 3428 cnm

498 3450 574 3530 [253
595 3454 651 3533 sq]
667 3483 708 3505 ==
723 3455 760 3516 IV
778 3453 840 3517 172
860 3472 904 3534 sq.
