2484 3800
597 182 611 236 I

190 332 273 409 copia
295 331 424 391 ferretur
445 347 587 407 maguum
608 346 663 407 per
685 331 772 389 inane
796 329 903 411 soluta,

190 421 251 479 sive
274 418 348 478 adeo
370 419 471 497 potius
493 436 655 496 numquam
678 425 815 478 concreta
838 424 968 479 creasset

93 514 178 566 1020
187 505 277 567 ullam
300 524 377 587 rem,
401 508 540 584 quoniam
562 507 629 583 cogi
651 505 774 566 disiecta
796 509 957 585 nequisset.
1056 520 1109 561 1⁰20

91 602 172 651 1015
189 613 257 656 uam
281 600 362 655 certe
384 612 481 673 neque
504 593 628 654 consilio
650 592 813 673 primordia
835 613 936 656 rerum

189 684 294 744 ordine
317 701 349 743 se
373 701 428 743 suo
451 700 584 761 quaeque
608 684 706 760 sagaci
728 689 827 743 mente
850 681 985 743 locarunt

98 813 102 817 -
189 790 244 832 nec
268 789 343 850 quos
367 788 499 849 quaeque
523 771 628 830 darent
650 776 747 830 motus
769 772 909 850 pepigere
931 770 1078 851 proiecto,

191 860 242 921 sed
267 861 335 938 quia
357 859 450 920 multa
471 857 568 918 modis
591 857 692 918 multis
715 865 826 918 mutata
848 876 902 936 per
925 876 1012 919 omne

100 954 176 1006 1025
189 967 225 1009 ex
248 948 364 1008 infinito
387 953 531 1007 vexantur
552 948 666 1025 percita
688 945 795 1027 plagis,
1057 958 1109 1000 ross

99 1044 173 1093 1020
191 1055 278 1098 omne
301 1053 395 1114 genus
418 1042 516 1095 motus
539 1041 570 1095 et
591 1040 693 1094 coctus
717 1034 897 1113 experiundo

190 1124 311 1186 tandem
333 1124 494 1184 deveniunt
515 1125 546 1182 in
569 1121 637 1183 talis
660 1122 868 1203 disposituras,

192 1212 329 1294 qualibus
351 1212 424 1272 haec
446 1229 547 1272 rerum
569 1212 706 1270 consistit
728 1228 842 1270 summa
865 1217 975 1291 creata,

191 1309 222 1362 et
243 1300 354 1361 multos
377 1301 466 1360 etiam
488 1316 609 1377 magnos
633 1305 747 1359 servata
769 1317 823 1377 per
845 1316 938 1359 anuos

106 1398 176 1449 1030
188 1398 224 1451 ut
246 1387 340 1450 semel
361 1390 393 1448 in
415 1395 513 1448 motus
536 1388 697 1448 coniectast
720 1388 934 1469 convenientis,
1059 1400 1111 1441 roso

102 1486 173 1536 1025
191 1479 285 1539 efficit
306 1483 340 1536 ut
362 1476 451 1554 largis
475 1475 592 1536 avidum
613 1492 696 1534 marc
719 1474 850 1535 fluminis
872 1476 960 1536 undis

191 1570 343 1644 integrent
365 1581 466 1625 amnes
485 1570 515 1624 et
537 1562 609 1623 solis
631 1570 711 1623 terra
733 1581 840 1642 vapore

191 1656 252 1715 sota
274 1660 363 1714 novet
384 1653 462 1713 ietus
485 1653 701 1729 summissaque
724 1669 796 1729 gens
819 1654 1001 1715 animantum

191 1744 297 1803 floreat
321 1748 350 1802 et
372 1743 470 1800 vivant
491 1739 625 1800 tabentes
647 1738 776 1799 aetheris
798 1742 895 1822 igues3

100 1839 175 1892 1035
190 1831 270 1912 quod
292 1828 373 1890 nullo
396 1829 528 1889 iacerent
548 1833 648 1909 pacto,
670 1829 729 1887 uisi
750 1830 885 1889 materiai
1059 1841 1111 1882 roes

102 1928 174 1980 1030
193 1939 230 1982 ex
253 1921 369 1980 infinito
393 1917 523 1979 suboriri
545 1918 629 1995 copia
651 1923 765 1997 posset,

192 2008 272 2070 unde
296 2009 404 2068 amissa
427 2005 523 2066 solent
544 2022 683 2083 reparare
706 2006 893 2084 intempore
916 2023 1058 2085 quaeque.

192 2115 263 2158 nam
283 2095 376 2156 veluti
397 2096 511 2173 privata
533 2092 600 2152 cibo
622 2098 728 2152 natura
750 2095 932 2153 animantum

193 2185 304 2246 diffluit
325 2184 462 2243 amittens
486 2199 607 2260 corpus
630 2183 674 2240 sic
697 2181 794 2240 omnia
816 2179 925 2241 debent

103 2282 179 2335 1040
192 2272 319 2335 dissolui
340 2269 430 2332 simul
452 2287 485 2330 ac
507 2269 616 2330 deiecit
639 2267 827 2347 suppeditare
1060 2282 1112 2323 roto

103 2371 173 2423 1035
192 2363 334 2422 materies
357 2359 454 2437 aliqua
476 2360 591 2417 ratione
613 2374 716 2416 aversa
738 2358 803 2416 viai.

193 2468 250 2511 uec
271 2448 374 2529 plagae
397 2453 522 2526 possunt
544 2447 729 2505 extrinsecus
752 2445 882 2523 undique
906 2461 1050 2505 summam

192 2554 370 2600 conservare
393 2553 523 2614 omnem,
546 2551 748 2612 quaecumque
772 2540 818 2593 est
839 2531 1006 2593 conciliata:

193 2626 304 2688 cudere
327 2625 408 2684 enim
430 2621 535 2682 crebro
558 2628 685 2700 possunt
705 2628 878 2700 partemque
901 2623 1024 2701 morari,

103 2722 177 2776 1045
193 2716 265 2777 dum
287 2715 407 2773 veniant
429 2710 502 2771 aliae
525 2727 559 2770 ac
582 2708 715 2789 suppleri
738 2727 852 2770 summa
875 2715 1013 2790 queatur3
1061 2723 1111 2764 rou

104 2812 175 2862 1040
193 2801 346 2864 interdum
367 2798 483 2860 resilire
505 2805 604 2858 tamen
627 2804 772 2875 coguntur
795 2804 825 2858 et
847 2814 905 2857 una

193 2891 350 2972 principiis
372 2906 474 2948 rerum
497 2888 628 2966 spatium
647 2892 823 2964 tempusque
846 2885 926 2964 fugai

193 2980 310 3059 largiri,
332 2984 365 3038 ut
387 2977 504 3055 possint
526 2992 542 3033 a
565 2981 651 3035 coetu
673 2973 766 3034 libera
789 2975 870 3034 terri.

194 3085 286 3147 quare
310 3068 398 3126 etiam
421 3070 510 3141 atque
532 3065 621 3123 etiam
644 3061 774 3122 suboriri
796 3060 887 3122 multa
910 3067 1070 3122 necessest.

103 3165 177 3218 1050
191 3164 222 3217 et
239 3163 339 3216 tamen
355 3160 389 3214 ut
402 3151 504 3232 plagae
519 3169 636 3230 quoque
650 3153 766 3229 possint
780 3157 937 3230 suppetere
952 3152 1042 3230 ipsae,
1062 3163 1114 3204 1⁰⁵⁰

104 3253 172 3303 1045
192 3244 309 3305 infinita
332 3259 407 3320 opus
429 3247 476 3300 est
497 3240 542 3299 vis
564 3239 696 3318 undique
719 3240 861 3300 materiai.

237 3330 312 3392 Illud
335 3332 368 3389 in
388 3329 437 3389 his
460 3326 550 3388 rebus
573 3326 659 3406 longe
683 3327 750 3406 iuge
774 3327 910 3406 credere,
932 3325 1065 3406 Memmi,

192 3424 225 3483 iu
247 3419 380 3481 medium
402 3434 534 3478 summae
559 3416 637 3494 quod
661 3416 763 3478 dicunt
786 3417 883 3475 omnia
906 3416 975 3496 niti,

192 3518 280 3591 atque
304 3507 371 3569 ideo
394 3505 498 3568 muudi
520 3513 655 3566 naturam
678 3513 756 3566 stare
780 3507 844 3566 sine
867 3501 936 3564 ullis
