2484 3800
183 191 245 254 118
667 187 706 242 IV

181 354 237 405 800
251 344 280 398 et
303 339 371 415 quia
393 338 490 397 tenvia
514 343 595 416 sunt,
617 338 677 396 nisi
701 354 775 415 quae
799 336 964 416 contendit,
987 341 1069 396 acute

182 441 233 490 785
252 443 374 485 cernere
392 442 451 485 non
470 426 547 504 potis
567 431 613 485 est
631 427 759 485 animus:
777 424 902 503 proinde
917 426 1016 484 omnia
1029 428 1194 501 quaesunt

250 520 404 592 praeterea
426 520 564 593 pereunt,
586 511 698 574 nisisi
719 512 756 572 ad
779 530 854 590 quae
878 531 910 573 se
933 514 998 592 ipse
1021 511 1133 590 pararit„

252 603 316 680 ipse
339 608 423 680 parat
445 620 510 661 sese
533 618 622 680 porro
649 607 806 679 speratque
828 601 960 661 futurum
1138 616 1191 659 sos

252 696 285 750 ut
307 689 405 750 videat
427 689 505 769 quod
528 691 721 767 consequitur
742 707 806 749 rem
829 707 988 769 quamque:
1011 689 1046 748 tit
1067 703 1138 765 ergo.

182 793 238 844 805
251 795 349 838 nonne
372 778 454 837 vides
477 777 578 837 oculos
601 780 703 858 etiam,
727 795 795 838 cum
817 780 914 837 tenvia
936 794 1011 855 quae
1035 782 1101 836 sunt
1140 796 1188 835 sor

183 881 235 932 tao
253 883 375 927 cernere
398 873 573 947 coeperunt,
595 866 774 926 contendere
798 884 830 926 se
853 873 940 945 atque
962 883 1081 944 parare,
1140 884 1188 924 sos

253 972 307 1015 nec
331 956 395 1015 sine
418 972 453 1014 eo
475 954 542 1014 fieri
563 972 652 1033 posse
675 961 708 1015 ut
730 972 885 1015 cernamus
908 949 1016 1014 acute?
1142 971 1188 1011 aro

253 1051 283 1103 et
305 1050 404 1103 mmen
425 1044 457 1101 in
479 1042 569 1103 rebus
593 1061 709 1122 quoque
732 1045 843 1121 apertis
865 1059 988 1104 noscere
1011 1043 1120 1120 possis,

170 1200 173 1209 1
253 1133 279 1192 si
301 1148 361 1191 non
383 1131 516 1191 advertas
539 1132 682 1212 animum,
705 1131 829 1210 proinde
852 1148 917 1191 esse
941 1132 1027 1208 quasi
1049 1130 1127 1189 omni

183 1233 239 1284 810
253 1225 386 1297 tempore
409 1226 554 1279 semotum
577 1220 667 1280 fuerit
689 1219 834 1297 longeque
856 1225 1011 1279 remotum.

184 1322 235 1371 tao
254 1327 308 1369 cur
329 1310 420 1385 igitur
442 1309 592 1389 mirumst,
615 1310 731 1368 animus
755 1309 781 1367 si
803 1315 902 1367 cetera
923 1306 1022 1386 perdit

253 1402 370 1475 praeter
393 1413 480 1474 quam
504 1394 611 1474 quibus
635 1402 680 1456 est
703 1398 735 1455 in
757 1394 847 1456 rebus
869 1395 987 1456 deditus
1010 1391 1099 1474 ipse?
1146 1414 1179 1456 aa

254 1484 360 1544 deinde
383 1484 576 1563 adopinamur
598 1483 635 1544 de
654 1485 751 1562 'signis
773 1486 900 1543 maxima
922 1484 1021 1562 parvis

254 1591 288 1632 ac
310 1590 365 1631 nos
388 1574 420 1632 in
442 1572 575 1634 fraudem
598 1572 749 1633 induimus
772 1572 970 1633 frustraminis
993 1573 1062 1650 ipsi.

184 1675 239 1727 815
298 1659 346 1720 Fit
368 1678 484 1738 quoque
508 1668 541 1721 ut
563 1660 712 1721 interdum
735 1678 794 1720 non
817 1660 1023 1739 suppeditetur
1047 1662 1141 1739 imago

184 1764 236 1815 800
254 1748 387 1808 eiusdem
410 1751 541 1829 generis,
567 1748 618 1809 sed
642 1749 752 1809 semina
774 1766 848 1826 quae
872 1749 928 1808 iuit
950 1755 1030 1828 ante,

254 1839 286 1896 in
308 1835 443 1896 manibus
466 1839 512 1896 vir
534 1839 578 1897 uti
600 1837 695 1897 iactus
716 1837 850 1897 rideatur
872 1836 989 1918 adesse,
1148 1857 1183 1897 uo

255 1931 305 1986 aut
327 1924 383 1985 alia
406 1943 442 1985 ex
465 1926 521 1986 alia
543 1927 634 1986 iacies
656 1934 795 2005 aetasque
817 1933 967 2005 sequatm.

256 2013 334 2093 quod
357 2032 394 2074 ne
416 2016 559 2075 miremur
581 2032 671 2094 sopor
693 2022 780 2094 atque
804 2013 910 2074 oblivia
932 2020 1046 2074 curant.
1150 2036 1184 2076 aas

184 2119 242 2170 820
297 2095 393 2184 iifflfld
416 2104 448 2162 in
469 2103 516 2162 his
539 2101 629 2163 rebus
651 2105 756 2164 vitium
779 2109 930 2164 vementer
953 2104 1065 2163 avessis
1151 2125 1185 2164 sn

184 2206 236 2256 805
256 2190 397 2271 effugere,
420 2209 553 2251 errorem
575 2193 726 2270 vitareque
749 2197 1000 2271 praemetuenter,

254 2278 365 2339 lumina
387 2297 425 2338 ne
448 2280 537 2340 iacias
560 2278 712 2340 oculorum
736 2278 814 2339 clara
837 2286 947 2360 creata,

253 2369 425 2446 prospicere
447 2373 481 2426 ut
503 2385 671 2447 possemus,
695 2374 726 2428 et
747 2375 781 2427 ut
801 2367 935 2446 proferre
959 2385 1104 2446 queamus
1152 2390 1189 2430 aaa

253 2472 394 2534 proceros
416 2473 535 2535 passus,
557 2454 624 2514 ideo
647 2456 764 2534 fastigia
785 2473 872 2534 posse
1152 2478 1190 2518 aar

184 2558 242 2610 825
255 2561 390 2603 surarum
414 2561 447 2603 00
469 2544 612 2603 feminum
635 2543 760 2621 pedihus
782 2543 903 2605 tundata
924 2543 1042 2624 plicari,

184 2647 236 2696 810
254 2630 374 2691 brachia
397 2638 460 2691 tum
482 2649 571 2710 porro
594 2631 699 2691 validis
722 2650 758 2692 ex
781 2639 848 2711 apta
870 2631 988 2692 lacertis

255 2737 319 2778 esse
342 2737 505 2798 manusque
529 2719 611 2779 datas
634 2726 758 2799 utraque
780 2737 818 2782 00
839 2727 922 2798 parte
945 2722 1113 2803 ministras,
1154 2744 1192 2783 ceo

255 2815 288 2867 ut
310 2806 407 2868 facere
429 2807 466 2867 ad
489 2808 578 2867 vitam
600 2826 756 2886 possemus
780 2826 854 2887 quae
877 2809 955 2868 foret
976 2826 1058 2868 usus.

256 2901 353 2955 cetera
375 2895 411 2954 de
436 2913 544 2973 genere
566 2896 622 2956 hoc
646 2898 724 2956 inter
747 2914 949 2975 quaecumque
971 2905 1144 2979 pretantur,

183 2997 240 3048 830
256 2984 353 3043 omnia
375 3001 514 3062 perversa
535 2991 726 3063 praepostera
749 2991 819 3045 sunt
840 2987 966 3064 ratione,

183 3087 236 3135 810
255 3069 297 3130 nil
320 3069 386 3130 ideo
410 3075 547 3150 quoniam
571 3080 702 3134 natumst
724 3076 756 3132 in
779 3090 902 3152 corpore
924 3079 960 3132 ut
980 3074 1026 3132 uti

254 3176 422 3239 possemus,
445 3161 497 3222 sed
520 3161 599 3239 quod
621 3168 752 3222 natumst
773 3161 804 3221 id
826 3166 962 3240 procreat
984 3177 1082 3220 usum.
1158 3182 1195 3224 aas

254 3263 310 3305 nec
332 3247 389 3306 fuit
411 3254 477 3307 ante
500 3249 599 3309 ridere
624 3249 777 3310 oculorum
800 3249 911 3310 lumina
933 3255 1014 3329 nata,

254 3351 310 3393 nec
333 3333 421 3393 dictis
444 3352 528 3396 orare
551 3340 635 3416 prius
660 3357 749 3417 quam
771 3337 870 3416 lingua
893 3344 1033 3419 creatast,

182 3437 240 3488 835
257 3420 310 3482 sed
331 3423 430 3500 potius
453 3421 538 3502 longe
561 3425 679 3502 linguae
701 3429 864 3506 praecessit
886 3429 969 3504 origo

568 3510 661 3591 [sos]
679 3543 720 3565 =
735 3511 808 3578 804.
