2484 3800
173 154 236 220 108
659 154 685 209 V

190 319 242 370 010
305 302 366 363 Νο0
388 304 479 362 nimio
503 308 565 362 tum
588 302 655 381 plus
678 320 765 380 quam
788 320 868 362 nune
890 301 1025 363 mortalia
1048 300 1147 363 saecla

262 390 357 451 dulcia
376 389 553 469 linquebant
575 389 711 450 lamentis
734 390 845 451 lumina
866 392 951 450 vitae.

262 496 339 539 unus
362 480 441 538 enim
463 485 527 539 tum
550 480 675 557 quisque
697 481 791 557 magis
814 478 978 557 deprensus
1001 496 1105 539 eorum
1139 499 1179 540 000

261 565 367 646 pabula
389 569 453 627 riva
475 566 548 627 ieris
570 566 743 648 praebebat,
766 565 903 627 dentibus
926 566 1061 647 haustus
1234 583 1236 620 l

158 686 160 690 ,
193 660 247 712 990
263 662 293 715 et
314 673 435 715 nemora
458 673 491 715 00
513 656 622 714 montis
646 656 756 732 gemitu
779 654 925 733 silvasque
947 653 1093 735 replebat,
1234 627 1236 764 l

193 757 245 809 000
263 745 327 803 viva
348 743 451 803 videns
474 744 539 801 vivo
562 741 684 821 sepeliri
706 745 819 803 viscera
841 741 936 803 busto,
1234 769 1235 822 p

263 838 293 891 et
315 850 389 909 quos
411 831 553 909 effingium
575 838 706 891 servarat
728 849 852 909 corpore
875 831 976 914 adeso,
1234 831 1235 836 ’

262 921 411 998 posterius
433 917 574 979 tremulas
598 937 688 998 super
710 918 811 979 uleera
832 926 909 979 tetra
930 925 1066 979 tenentes
1136 938 1173 979 000

262 1006 372 1087 palmas
394 1006 550 1067 horriferis
574 1006 708 1067 accibant
729 1006 850 1067 vooibus
874 1005 996 1088 Oreum,

193 1101 248 1153 995
262 1095 390 1174 donique
414 1113 464 1155 eos
488 1098 545 1155 vita
566 1096 720 1173 privarunt
741 1098 872 1156 vermina
895 1114 992 1176 saeva,

194 1199 244 1249 000
264 1185 393 1263 expertis
416 1185 494 1265 opis,
517 1185 635 1261 ignaros
658 1183 729 1261 quid
752 1183 871 1244 volnera
892 1182 1009 1243 vellent

264 1278 294 1331 00
315 1290 374 1331 non
396 1270 488 1332 multa
510 1273 606 1331 virum
630 1270 684 1331 sub
708 1273 801 1349 siguis
823 1271 904 1332 milia
927 1271 1014 1332 dueta

263 1377 322 1419 uua
345 1359 408 1419 dies
431 1358 518 1419 dabat
540 1361 644 1438 exitio,
666 1376 722 1419 neo
744 1357 862 1420 turbida
884 1362 968 1438 ponti
1125 1378 1172 1420 rooo

264 1465 391 1526 aequora
413 1446 553 1525 lligebant
573 1450 657 1506 navis
680 1447 716 1507 ad
739 1465 808 1508 saxa
830 1450 977 1527 virosque.

177 1541 250 1592 1000
263 1533 312 1595 bie
334 1542 445 1595 temere
468 1537 500 1595 in
522 1552 640 1595 cassum
662 1529 772 1596 trustra
793 1553 875 1596 mare
898 1554 986 1615 saepe
1010 1543 1140 1596 coortum

195 1638 246 1688 000
265 1622 394 1683 saevibat
415 1621 577 1701 leviterque
600 1624 696 1683 minas
718 1621 846 1702 ponebat
868 1626 978 1704 inanis,

264 1727 319 1769 neo
341 1716 456 1788 poterat
479 1729 656 1789 quemquam
677 1710 785 1789 plaoidi
806 1692 931 1790 pellacia
953 1714 1038 1791 ponti

266 1794 386 1857 subdola
408 1797 547 1875 pellicere
570 1801 602 1858 in
625 1798 758 1859 fraudem
780 1799 947 1860 ridentibus
970 1800 1068 1860 undis.
1126 1817 1172 1861 roos

264 1877 274 1967 ll
286 1883 420 1963 improba
442 1888 549 1965 navigii
571 1888 646 1947 ratio
668 1894 732 1948 tum
755 1906 841 1948 00000
864 1884 1015 1968 iacebatl
1234 1889 1236 2033 p

176 1978 250 2029 1005
265 1979 329 2033 tum
351 1976 475 2052 penuria
498 1975 604 2035 deinde
628 1975 688 2035 oibi
710 1975 879 2055 languentia
901 1975 960 2037 leto
1036 2007 1039 2014 ·

195 2074 246 2125 000
265 2059 397 2120 membra
420 2060 519 2142 dabat,
542 2069 644 2123 eontra
666 2081 746 2124 nuno
768 2082 870 2125 rerum
892 2067 977 2144 eopia
997 2074 1116 2124 mersat
1234 2046 1235 2081 ¹

264 2147 307 2207 illi
330 2149 522 2227 inprudentes
545 2152 603 2228 ipsi
627 2149 683 2210 sibi
707 2169 794 2231 saepe
817 2170 965 2213 venenum
1234 2132 1235 2167 ¹

264 2235 435 2318 vergebant,
458 2256 537 2298 nune
560 2237 631 2298 dant
653 2235 727 2300 aliis
750 2238 900 2301 sollertius
923 2243 1030 2319 ipsum.
1126 2261 1173 2301 1010

306 2323 378 2384 lude
402 2343 483 2386 00000
505 2333 661 2404 postquam
685 2345 718 2386 00
740 2326 827 2406 pellis
850 2330 1008 2407 ignemque
1030 2334 1172 2406 pararunt,
1234 2368 1235 2401 3

176 2416 249 2467 1010
265 2418 294 2470 00
316 2411 423 2472 mulier
446 2415 601 2473 eoniunota
623 2416 686 2473 viro
709 2417 857 2476 concessit
878 2417 911 2476 in
934 2434 1027 2476 unum
1234 2424 1235 2433 ’

667 2520 686 2558 a

14 2605 18 2612 ’
113 2657 115 2660 ¹
178 2600 246 2651 1000
265 2588 379 2664 cognita
403 2593 483 2668 suut,
505 2587 678 2668 prolemque
701 2608 738 2650 ex
761 2609 793 2650 se
815 2592 917 2652 videre
941 2598 1082 2672 creatam,

264 2678 327 2732 tum
349 2691 441 2752 genus
463 2674 624 2736 humanum
646 2679 777 2756 primum
799 2678 973 2741 mollescere
998 2682 1102 2759 coepit
1234 2736 1235 2745 ,

264 2760 341 2836 ignis
364 2763 443 2821 enim
466 2765 578 2824 ouravit
600 2771 634 2824 ut
656 2764 727 2825 alsia
750 2784 875 2845 corpora
897 2767 991 2846 lrigus
1125 2787 1171 2828 ms

264 2863 323 2906 non
345 2849 386 2908 ita
408 2851 466 2908 iam
489 2857 611 2927 possent
633 2851 707 2912 oaeli
729 2853 785 2914 sub
808 2857 939 2933 tegmine
962 2855 1055 2935 ferre,

177 2935 249 2988 1015
266 2938 295 2991 et
316 2933 413 2996 Venus
436 2938 575 2998 inminuit
597 2940 683 3021 viris,
705 2943 850 3020 puerique
873 2949 1032 3022 parentum

180 3031 247 3081 1000
266 3017 414 3082 blanditiis
438 3023 523 3085 facile
546 3027 698 3104 ingenium
720 3028 836 3106 fregere
860 3029 1031 3109 superbum.

265 3111 335 3166 tune
358 3115 388 3168 et
409 3112 569 3172 amicitiem
592 3122 754 3193 coeperunt
776 3119 900 3196 iungere
923 3125 1045 3178 aventes

265 3190 383 3254 finitimi
404 3198 482 3258 inter
505 3218 536 3260 se
559 3220 614 3263 neo
637 3201 754 3264 laedere
777 3223 833 3266 neo
852 3204 969 3287 violari,
1125 3231 1172 3271 mo

266 3283 296 3336 et
317 3298 425 3357 pueros
448 3288 690 3351 commendarunt
712 3292 918 3374 muliebreque
942 3294 1086 3376 saeelum,

179 3369 253 3420 1020
265 3365 385 3427 vocibus
410 3376 439 3429 et
461 3381 545 3449 gestu
568 3395 635 3438 cum
657 3377 743 3440 balbe
767 3383 971 3460 significarent

179 3464 247 3515 1010
265 3451 479 3518 imbecillorum
502 3480 567 3523 esse
590 3483 718 3544 aequum
740 3471 914 3532 misererier
937 3473 1044 3533 omnis.
