2484 3800
649 165 664 217 Ι

269 309 406 370 Tutemet
427 328 444 369 a
466 309 552 370 nobis
574 312 634 370 ianr
656 312 762 389 quovis
782 317 917 388 tempore
939 316 1039 368 vatmn

225 397 397 475 terriloquis
419 399 514 458 rictus
536 397 627 458 dietis
648 398 817 458 desciscere
839 415 974 475 quaeres.

227 487 336 563 quippe
358 487 469 546 etenim
491 504 579 564 qnam
601 485 693 546 multa
714 485 771 546 tibi
792 488 852 545 iam
873 486 988 563 lingere
1010 489 1133 563 possunt
1239 498 1240 511 ¹

155 579 211 629 105
226 575 352 652 somnia,
375 592 449 651 quae
472 576 548 633 ritae
571 577 703 634 rationes
723 581 840 634 vertere
861 575 979 651 possint
1118 582 1155 623 105
1239 570 1240 609 ³

157 669 209 717 100
227 662 417 740 fortunasque
439 669 505 722 tuas
529 665 626 722 omnis
647 661 769 722 turbare
790 659 912 721 timore!

227 756 258 809 et
279 751 399 809 merito:
421 767 490 809 nam
512 751 539 809 si
561 756 673 810 certam
694 750 784 810 linem
806 767 873 810 esse
896 749 1033 809 riderent

227 855 433 898 aerumnarum
454 837 603 917 homines,
625 838 723 915 aliqua
744 840 859 898 ratione
881 836 1016 897 valerent

227 924 421 1003 religionibus
443 931 532 1002 atque
553 927 644 986 minis
666 924 811 986 obsistere
834 932 947 985 vatum:
1239 972 1240 977 1

157 1019 212 1069 110
227 1031 305 1073 nunc
327 1016 402 1074 ratio
424 1012 533 1073 nullast
554 1013 699 1093 restandi,
720 1013 802 1073 nulla
823 1012 959 1092 lacnltas,
1121 1022 1158 1062 11⁰
1239 998 1240 1065 ἶ

159 1107 209 1158 100
228 1108 363 1161 aeternas
386 1103 525 1179 quoniam
547 1120 657 1180 poenas
679 1104 712 1160 in
733 1108 829 1161 morte
850 1101 1055 1162 timendumst

228 1191 381 1266 ignoratur
403 1192 483 1249 enim
504 1207 579 1267 quae
603 1191 642 1249 sit
664 1196 769 1250 namra
791 1191 912 1268 animai,

227 1284 295 1336 nata
318 1279 370 1355 sit,
392 1295 428 1336 an
451 1284 553 1337 contra
575 1277 766 1336 nascentibus
788 1279 969 1356 insinuetur,

229 1371 258 1423 et
281 1363 370 1424 simul
391 1367 519 1424 intereat
539 1363 696 1424 nobiscum
717 1372 812 1424 morte
835 1364 996 1443 dirempta,

157 1459 211 1509 115
228 1469 265 1510 an
286 1450 425 1512 tenebras
447 1451 518 1512 Orci
539 1455 615 1512 visat
636 1459 791 1531 vastasque
813 1452 947 1532 lacunas,
1123 1461 1160 1503 11⁵

160 1547 210 1596 110
228 1557 267 1598 an
287 1538 417 1616 pecudes
440 1539 512 1600 alias
533 1539 675 1601 divinitus
697 1543 829 1601 insinuet
850 1558 897 1620 se,

228 1625 341 1686 Ennius
364 1634 398 1686 ut
418 1633 520 1686 noster
542 1630 663 1709 cecinit,
687 1630 739 1707 qui
760 1630 875 1707 primus
896 1645 1022 1688 amoeno

230 1712 335 1774 detulit
357 1732 394 1772 ex
415 1713 555 1774 Helicone
577 1718 704 1794 perenni
725 1715 831 1776 fronde
853 1733 1007 1794 coronam,

229 1819 283 1879 per
305 1804 401 1879 gentis
424 1801 510 1862 ltalas
527 1802 680 1863 hominum
703 1822 777 1881 quae
800 1803 878 1864 clara
902 1803 1031 1883 clueret3

162 1896 217 1947 100
232 1890 289 1948 etsi
310 1895 463 1967 praeterea
485 1898 583 1951 tamen
605 1910 672 1952 esse
693 1891 855 1952 Acherusia
876 1890 988 1971 templa
1125 1905 1161 1943 12⁰
1239 1907 1240 1912 ’

161 1984 211 2033 115
229 1976 343 2037 Ennius
366 1980 495 2037 aeternis
518 1982 639 2057 exponit
660 1980 796 2039 versibus
818 1979 924 2060 edens,
1239 2027 1240 2040 ,

229 2082 288 2142 qun
313 2083 409 2143 neque
431 2068 604 2143 perveniant
625 2069 739 2127 animae
762 2086 858 2145 neque
881 2085 1008 2146 corpora
1030 2074 1142 2147 nostra,
1239 2131 1240 2150 χ

230 2151 281 2212 sed
305 2153 448 2231 quaedam
471 2152 627 2213 simulacra
648 2153 745 2214 modis
767 2154 906 2232 pallentia
928 2157 1029 2235 miris3
1239 2153 1240 2178 l

229 2240 308 2299 unde
331 2239 389 2300 sibi
412 2248 544 2301 exortam
567 2258 685 2319 semper
707 2241 841 2302 florentis
862 2242 986 2302 Homeri

159 2332 215 2384 125
231 2336 440 2388 commemorat
463 2330 592 2406 speciem
614 2328 751 2389 lacrimas
772 2329 925 2390 effundere
949 2329 1044 2390 salsas
1127 2342 1162 2383 12⁵

161 2422 211 2471 120
229 2418 362 2495 coepisse
386 2422 416 2475 et
438 2434 539 2475 rerum
562 2421 697 2475 naturam
719 2417 885 2494 expandere
910 2418 1007 2478 dictis.

229 2520 287 2580 qua
308 2510 431 2581 propter
452 2501 528 2563 hene
551 2521 619 2562 oum
642 2506 758 2581 superis
780 2503 817 2564 rie
840 2503 932 2565 rebus
953 2504 1092 2566 habenda

229 2589 315 2649 nobis
338 2596 385 2649 est
406 2592 496 2669 ratio,
520 2588 591 2649 solis
614 2589 758 2668 lunaeque
780 2600 896 2652 meatus

229 2694 287 2754 qua
309 2677 381 2737 fiant
402 2680 530 2755 ratione,
553 2683 582 2736 et
605 2695 661 2755 qua
684 2680 713 2736 vi
736 2697 868 2757 quaeque
892 2688 1036 2758 gerantur

159 2769 214 2821 130
228 2765 261 2822 in
283 2766 385 2844 terris,
408 2771 472 2824 tum
494 2782 562 2824 cum
583 2766 689 2841 primis
711 2768 825 2826 ratione
848 2770 946 2845 sagaci
1127 2783 1162 2821 1³0

159 2850 305 2911 monade
328 2854 424 2911 anima
447 2858 534 2930 atque
557 2853 649 2910 animi
671 2859 787 2913 constet
808 2861 913 2914 natura
935 2855 1111 2937 videndum,

229 2946 259 2999 et
281 2957 356 3017 quae
379 2956 428 2998 res
451 2938 536 2998 nobis
559 2936 748 3015 vigilantibus
771 2940 856 3001 obvia
878 2950 995 3005 mentes

228 3027 371 3087 terrificet
393 3025 497 3086 morbo
521 3026 657 3105 adiectis,
680 3044 842 3105 somnoque
865 3030 1005 3112 sepultis,

228 3132 351 3174 cernere
375 3116 419 3174 uti
442 3113 593 3174 videamur
616 3130 668 3173 eos
691 3115 852 3193 audireque
876 3135 990 3198 coram,

157 3207 211 3259 135
227 3209 322 3263 morte
346 3200 426 3261 obita
449 3218 575 3278 quorum
597 3200 685 3261 tellus
708 3203 896 3281 amplectitur
918 3223 995 3267 ossa.
1127 3222 1161 3263 ras

158 3298 209 3349 100
270 3285 280 3373 ll
294 3289 355 3350 Nec
378 3306 426 3348 me
450 3290 541 3348 animi
564 3287 638 3348 fallit
660 3288 817 3351 Graiorum
840 3292 967 3354 obscura
990 3304 1111 3375 reperta

227 3377 347 3440 difficile
370 3376 530 3437 inlustrare
553 3374 666 3436 Latinis
688 3378 823 3439 versibus
847 3399 927 3462 esse,

227 3466 319 3528 multa
342 3466 426 3526 novis
451 3462 549 3523 verbis
571 3469 748 3541 praesertim
770 3486 838 3528 cum
857 3472 897 3529 sit
920 3472 1071 3549 agendum
