2484 3800
576 145 602 200 V
1024 142 1087 207 169

172 311 233 354 000
255 294 369 371 magnis
393 292 497 371 opibus
520 290 647 352 iucunde
671 309 794 369 corpora
815 290 973 371 habebant,

78 398 155 449 1380
172 384 351 461 praesertim
373 398 441 440 cum
462 384 624 459 tempestas
646 378 762 438 ridebat
784 385 814 439 et
836 381 906 439 anni
1036 401 1087 443 000

172 477 306 547 tempora
327 468 487 548 pingebant
508 467 663 527 viridantis
686 466 809 527 floribus
831 466 946 527 herbas.

77 564 160 617 1395
175 564 239 618 tum
261 559 338 637 ioca,
359 564 423 617 tum
446 573 556 636 sermo,
578 561 642 615 tum
664 554 766 615 dulces
788 572 855 614 esse
877 554 1013 615 cachinni

175 651 365 729 consueraut;
396 646 521 722 agrestis
543 644 624 702 enim
645 649 708 703 tum
730 659 815 702 musa
836 642 965 720 vigebat:

175 740 238 793 tum
261 742 349 811 caput
371 739 457 810 atque
480 749 599 792 umeros
621 730 716 809 plexis
739 730 878 790 redimire
902 733 1019 791 coronis

82 838 157 887 1385
176 820 298 881 llorihus
322 827 352 880 et
374 818 452 879 loliis
475 819 595 879 lascivia
617 818 693 878 laeta
714 817 864 899 monebat,
1035 842 1088 881 000

176 915 262 987 atque
286 914 368 969 extra
390 926 546 968 numerum
567 906 729 985 procedere
751 905 883 966 membra
904 912 1056 966 moventes

83 1005 162 1056 1400
177 997 291 1057 duriter
312 1002 342 1055 et
364 995 438 1055 duro
461 1001 570 1055 terram
592 994 668 1073 pede
690 994 800 1073 pellere
822 1001 960 1075 matrem3
1059 1030 1064 1040 ·

176 1085 254 1145 unde
277 1082 447 1144 oriebantur
469 1085 549 1157 risus
572 1082 731 1161 dulcesque
754 1082 902 1163 cachinni,

177 1174 274 1232 omnia
301 1172 378 1251 quod
403 1178 562 1231 novatum
585 1173 679 1249 magis
700 1170 772 1230 haec
795 1177 825 1229 et
846 1171 922 1229 mira
943 1169 1087 1248 vigebant.

86 1277 159 1328 1300
177 1267 208 1321 et
228 1258 416 1339 vigilantibus
438 1259 508 1319 hinc
530 1258 653 1318 aderant
675 1256 782 1318 solacia
804 1260 913 1338 somni,
1037 1279 1088 1319 uos

170 1349 284 1410 'ducere
307 1347 488 1407 multimodis
510 1364 597 1407 voces
621 1354 651 1405 et
673 1345 793 1405 flectere
815 1353 918 1405 cantus

85 1444 162 1495 1405
178 1443 208 1497 et
230 1453 337 1514 supera
359 1435 485 1496 calamos
508 1452 585 1495 unco
607 1452 783 1512 percurrere
805 1432 901 1514 labr03

177 1524 255 1585 unde
278 1525 367 1583 etiam
389 1522 491 1601 vigiles
514 1541 592 1583 nunc
615 1522 687 1581 haec
709 1528 828 1599 accepta
849 1527 970 1581 tuentur

582 1628 601 1665 *

178 1707 208 1760 et
229 1716 385 1759 numerum
408 1716 524 1758 servare
547 1716 641 1776 genus
663 1697 808 1778 didicere,
828 1714 924 1776 neque
947 1695 1007 1755 hilo

89 1804 160 1855 1396
178 1790 318 1848 maiorem
340 1789 453 1846 interea
475 1788 594 1864 capiunt
616 1785 772 1846 dulcedini'
794 1785 923 1845 fructum
1038 1805 1090 1845 100

179 1894 267 1955 quam
289 1874 424 1936 silvestre
446 1892 539 1954 genus
562 1873 696 1953 capiebat
717 1875 940 1952 terrigenarum.

58 2025 63 2038 ,
87 1973 161 2024 1410
177 1982 245 2024 nam
272 1963 350 2042 quod
375 1963 458 2023 adest
478 1970 610 2043 praesto,
636 1964 696 2022 nisi
718 1962 788 2040 quid
811 1964 999 2040 cognorimus
1021 1966 1089 2020 ante

180 2054 309 2132 suavius,
332 2053 363 2110 in
385 2052 490 2129 primis
512 2050 608 2130 placet
630 2057 660 2110 et
680 2048 791 2128 pollere
813 2049 942 2130 videtur,

179 2141 383 2218 posteriorque
407 2139 468 2198 lere
491 2137 596 2198 melior
618 2156 668 2198 res
690 2136 739 2197 illa
764 2143 881 2215 reperta

90 2244 161 2294 1400
179 2227 278 2307 perdit
300 2234 330 2287 et
351 2229 486 2287 immutat
509 2243 613 2286 sensus
636 2225 672 2284 ad
694 2227 818 2303 pristina
841 2242 983 2303 quaeque.
1037 2216 1089 2290 rus

181 2317 224 2376 sic
247 2315 347 2375 odium
369 2316 467 2392 coepit
489 2313 615 2394 glandis,
639 2314 683 2373 sic
704 2311 754 2373 illa
775 2311 878 2372 rehcta

90 2409 164 2462 1415
180 2410 269 2463 strata
292 2402 399 2464 cubilia
422 2408 491 2462 sunt
512 2401 613 2462 herbis
637 2407 666 2461 et
688 2399 841 2460 frondibus
864 2406 956 2461 aucta.

179 2490 265 2570 pellis
287 2492 360 2550 item
382 2489 489 2549 cecidit
511 2491 601 2549 vestis
625 2495 791 2567 contempta
813 2489 937 2568 lerinae3

181 2597 267 2657 quam
289 2596 359 2638 reor
380 2577 489 2637 invidia
511 2576 563 2637 tali
585 2584 656 2637 tunc
679 2595 744 2636 0000
768 2571 927 2655 repertam,

90 2673 213 2732 140001
235 2666 327 2726 letum
349 2665 465 2726 insidiis
488 2667 539 2743 qui
562 2666 653 2742 gessit
674 2667 789 2743 primus
812 2663 920 2743 obiret,
1039 2683 1093 2723 uro

181 2761 330 2814 ettamen
352 2755 430 2813 inter
453 2771 504 2813 eos
527 2753 697 2813 distractam
719 2754 860 2830 sanguine
883 2749 975 2810 multo

89 2849 167 2901 1420
181 2841 352 2920 disperiisse
375 2859 471 2919 neque
494 2842 525 2900 in
547 2841 675 2901 fructum
698 2846 869 2900 convertere
893 2841 1001 2917 quisse.

179 2937 250 2990 tunc
272 2931 363 3008 igitur
384 2927 490 3010 pelles,
512 2946 591 2988 nunc
614 2946 719 2989 aumm
741 2934 771 2988 et
792 2944 924 3005 purpura
946 2927 1025 2986 curis

180 3024 320 3078 exercent
340 3016 492 3076 hominum
513 3019 603 3076 vitam
625 3015 760 3094 belloque
784 3015 918 3094 fatigant3

92 3121 162 3171 1410
181 3123 239 3184 quo
261 3106 355 3182 magis
377 3106 409 3164 iu
431 3104 530 3186 nohis,
553 3111 586 3164 ut
609 3105 727 3183 opinor,
750 3101 834 3181 culpa
856 3101 976 3162 resedit.
1042 3121 1094 3163 1425

180 3193 273 3270 frigus
296 3194 376 3252 enim
396 3192 492 3252 nudos
516 3194 580 3252 sine
603 3191 730 3270 pellibus
754 3189 941 3250 excruciabat

91 3287 163 3339 1425
178 3282 356 3359 terrigenas:
379 3286 408 3339 at
430 3297 484 3339 000
507 3279 549 3338 nil
571 3279 662 3340 laedit
684 3285 764 3338 veste
788 3296 889 3338 carere

179 3387 328 3447 purpurea
350 3374 437 3446 atque
461 3385 532 3427 auro
555 3369 706 3445 signisque
729 3366 899 3445 ingentibus
921 3371 1000 3446 apta,
1101 3403 1113 3428 .

180 3457 250 3516 dum
272 3455 387 3535 plebeia
409 3463 508 3526 tamen
531 3457 583 3535 sit,
606 3472 681 3534 quae
706 3453 863 3514 defendere
885 3455 988 3532 possit.
