2484 3800
570 146 610 199 111

144 300 182 353 et
205 292 288 354 calor
310 294 391 352 inter
413 310 446 352 se
468 295 586 372 vigeant
608 297 765 355 commixta
786 314 841 375 per
863 305 958 379 artus,

145 388 241 461 atque
265 380 339 441 alias
362 379 443 441 aliud
465 380 561 441 subsit
582 384 676 459 magis
698 385 897 467 eminentque,

66 477 124 528 286
145 475 185 530 ut
208 468 352 548 quiddam
374 468 442 528 fieri
462 468 597 529 videatur
619 469 655 529 ab
679 470 814 532 omnibus
836 491 941 554 unum,

144 576 189 618 ne
213 556 296 617 calor
318 574 353 617 ao
375 563 482 617 ventus
505 574 640 619 scorsum
662 576 852 638 seorsumque
874 568 1005 641 potestas

148 646 233 705 aeris
255 646 438 705 interemant
460 661 580 706 sensum
603 645 779 725 diductaque
802 646 922 710 solvant.

148 740 199 794 est
222 735 336 793 etenim
357 731 439 792 calor
460 731 510 792 ille
532 735 643 814 auimo,
667 753 754 813 quem
776 738 878 817 sumit,
900 739 931 797 in
954 741 998 798 ira

149 839 222 882 oum
245 821 387 881 fervescit
407 826 439 880 et
460 838 497 880 ex
520 820 614 881 oculis
636 824 725 882 micat
747 825 844 883 acrius
866 820 966 886 ardor:

69 918 127 967 290
149 915 198 970 est
221 915 252 969 et
276 908 383 987 frigida
405 908 511 989 multa,
533 925 633 969 oomes
656 910 835 992 formidinis,
858 930 940 993 aura,

149 1014 228 1076 quae
252 998 312 1057 ciet
333 997 489 1057 horrorem
510 996 652 1057 membris
676 1004 706 1058 et
727 1001 855 1059 eoncitat
876 1008 970 1062 artus:

150 1093 199 1146 est
222 1085 314 1144 etiam
337 1102 455 1163 quoque
477 1086 574 1163 pacati
596 1091 689 1145 status
714 1088 791 1147 aeris
814 1086 877 1168 ille,

148 1180 276 1254 pectore
298 1171 457 1251 tranquillo
480 1174 532 1251 qui
553 1173 587 1233 fit
608 1172 746 1252 voltuque
769 1180 882 1236 screno.

150 1261 206 1322 sed
229 1259 318 1321 calidi
340 1259 409 1338 plus
432 1268 478 1321 est
499 1260 559 1319 iliis
582 1261 689 1339 quibus
712 1264 791 1322 acria
814 1263 901 1324 corda

71 1359 129 1409 teo
149 1348 354 1427 iracundaque
376 1366 462 1408 mens
484 1347 569 1409 facile
592 1349 758 1411 effervescit
779 1352 809 1411 in
832 1353 889 1432 ira3

150 1456 212 1517 quo
236 1454 346 1515 genere
369 1438 528 1515 inprimis
550 1438 595 1495 ris
618 1443 664 1497 est
685 1437 810 1499 violenta
833 1438 963 1520 leonum,

150 1532 275 1606 pectora
298 1527 350 1603 qui
372 1526 492 1585 fremitu
515 1532 657 1603 rumpunt
678 1526 850 1606 pierumque
874 1535 1031 1607 gementes.

578 1632 597 1670 ᾴ

149 1610 209 1764 Ι01100
232 1719 339 1781 capere
360 1702 473 1760 irarum
495 1700 603 1761 fluens
626 1702 658 1760 in
679 1708 799 1780 pectore
821 1712 952 1782 possunt.
970 1700 982 1785 ΙΙ

151 1799 182 1851 at
204 1796 328 1851 ventosa
349 1790 443 1866 magis
466 1806 620 1848 cervorum
642 1790 748 1867 frigida
769 1808 854 1851 mens
877 1800 923 1852 est

74 1888 131 1940 000
150 1886 183 1941 et
205 1876 318 1957 gelidas
342 1878 430 1938 citius
452 1878 641 1956 perviscera
663 1880 789 1939 eoncitat
810 1897 909 1962 auras,

151 1986 229 2047 quae
251 1964 414 2026 tremulum
437 1964 548 2025 faciunt
568 1965 710 2026 membris
733 1969 859 2028 existere
881 1976 1001 2029 motum.

150 2063 183 2117 at
203 2061 311 2115 natura
333 2053 425 2114 boum
446 2051 561 2131 placido
583 2055 676 2132 magis
699 2058 766 2114 aire
792 2057 875 2135 vivit,

149 2162 208 2205 neo
230 2145 322 2203 nimis
344 2143 401 2201 irai
423 2142 471 2201 fax
492 2158 633 2219 umquam
655 2140 771 2202 subdita
793 2145 888 2221 percit

149 2231 279 2312 fumida,
301 2229 475 2290 suffundens
498 2247 601 2289 caecae
625 2228 756 2308 caliginis
781 2229 927 2310 umbram,

74 2330 130 2380 305
149 2339 208 2381 nec
231 2317 339 2398 gelidis
360 2323 459 2396 torpet
480 2316 549 2377 telis
571 2318 682 2395 perfixa
704 2320 833 2398 pavoris,

149 2412 374 2483 interutrasque
397 2407 482 2465 sitast
505 2422 608 2465 cervos
631 2422 789 2484 saevosque
811 2404 920 2465 leones.

150 2499 197 2558 sie
219 2496 374 2556 hominum
397 2511 490 2571 genus
513 2499 571 2553 est:
595 2495 726 2571 quamvis
749 2493 881 2553 doctrina
902 2490 1010 2571 politos

150 2585 315 2646 constituat
336 2584 449 2660 pariter
471 2580 627 2660 quosdam,
648 2588 746 2642 tamen
769 2579 818 2640 illa
840 2579 981 2658 relinquit

148 2679 275 2733 naturae
299 2672 442 2748 cuiusque
465 2670 557 2728 animi
578 2671 701 2748 vestigia
722 2671 825 2748 prima.

75 2770 207 2822 eloneo
230 2758 373 2819 radicitus
396 2755 482 2816 evelli
503 2756 579 2817 maia
600 2773 688 2835 posse
710 2756 912 2836 putandumst,

149 2850 225 2928 quin
246 2845 409 2926 proclivius
431 2844 479 2904 hio
501 2847 561 2904 iras
583 2844 721 2905 decurrat
742 2845 778 2905 ad
801 2846 889 2924 acria,

148 2937 201 2997 ille
223 2942 307 2996 metu
330 2935 418 2994 citius
440 2932 527 3011 paulo
549 2939 722 3013 temptetur,
745 2939 774 2993 at
795 2932 845 2991 iile

148 3025 258 3086 tertius
281 3023 406 3100 accipiat
429 3021 571 3099 quaedam
593 3020 767 3082 clementius
789 3036 891 3099 aequo.

146 3116 240 3192 inque
263 3110 331 3170 aliis
353 3108 442 3169 rebus
464 3108 567 3169 multis
589 3108 708 3169 differre
731 3113 883 3170 necessest

73 3210 127 3261 eto
147 3208 272 3262 naturas
295 3199 448 3258 hominum
471 3198 565 3256 varias
586 3214 742 3275 moresque
766 3195 915 3275 sequacis:

148 3305 280 3369 quorum
302 3303 357 3365 ego
379 3303 460 3346 nuno
481 3302 597 3363 nequeo
619 3303 721 3346 caecas
745 3298 891 3364 exponere
915 3289 1018 3336 causas

146 3396 205 3439 nec
227 3377 363 3454 reperire
385 3375 547 3452 figurarum
567 3379 613 3433 tot
635 3377 753 3434 nomina
775 3378 847 3452 quot
871 3369 941 3427 sunt

145 3465 319 3546 principiis,
341 3462 421 3523 unde
444 3461 516 3521 haee
539 3463 634 3522 oritur
656 3464 795 3523 variamia
818 3470 929 3519 rerum.
