2484 3800
426 169 709 226 PROLEGOMENA.
901 239 906 246 ἱ
1007 169 1073 225 xm

55 316 192 374 carmine
222 316 398 395 imperfecto
434 333 450 375 a
484 316 593 396 Vergili
620 324 671 378 aut
692 316 795 378 Horati
820 316 964 396 elegantia
987 334 1071 377 rece·

55 402 132 462 dunt
146 436 192 446 -
207 405 238 464 in
258 404 432 482 imperfecto
450 405 530 486 dico,
556 423 613 483 quo
636 405 708 466 illud
727 408 817 466 etiam
834 408 974 486 pertinet,
992 404 1071 484 quod

56 509 93 550 ex
116 493 253 570 quinque
275 494 354 552 veris
378 492 561 554 soloecismis
585 500 723 572 quattuor
745 501 815 554 sunt
834 496 867 553 in
883 493 960 554 libro
979 499 1070 554 sexto.

146 579 212 639 Alia
222 578 342 641 Lucreti
357 580 543 660 neglegentia
556 599 616 642 non
632 584 732 642 minus
746 581 782 642 ab
792 583 896 643 aetatis
905 583 1071 660 Augusteae

56 674 217 744 poetarum
251 667 395 747 elegantia
426 669 522 730 aliena
554 673 688 730 cernitur
718 671 750 730 in
782 670 963 731 anacoluthis
996 687 1071 748 quae

57 755 170 816 dicunt.
214 774 310 835 neque
334 764 433 817 tamen
451 760 483 817 in
501 758 558 818 hoc
576 776 685 836 genere
704 760 802 819 omnia
820 759 945 820 eandem
961 757 1072 818 habent

57 841 296 922 explicationem.
338 851 406 906 ante
429 848 528 906 omnia
550 853 579 906 et
602 847 732 907 editores
754 849 896 908 carminis
914 846 951 906 de
969 863 1071 906 rerum

56 939 164 992 natura
198 940 229 993 et
261 935 440 1013 interpretes
472 936 642 1013 perspicere
670 933 816 995 debebant
841 935 1012 994 Lucretium
1039 936 1071 994 in

57 1021 224 1081 enuntiatis
256 1022 463 1082 continuandis
494 1022 586 1083 multo
617 1024 740 1102 propius
756 1022 805 1083 ad
832 1021 1012 1082 Graecorum
1039 1023 1071 1081 in

58 1126 90 1169 ea
114 1127 149 1169 re
175 1108 344 1170 libertatem
367 1109 517 1190 accedere,
540 1127 629 1190 quam
649 1127 826 1190 quemquam
846 1109 936 1192 alium
953 1115 1071 1188 poetam

57 1195 235 1257 Romanum.
263 1204 365 1258 extant
382 1205 479 1259 autem
498 1216 558 1259 non
575 1217 669 1278 pauca
688 1197 766 1277 apud
779 1197 951 1259 Lucretium
965 1215 1069 1258 anaco-

57 1283 154 1366 lutha‚
190 1303 316 1364 quorum
348 1286 404 1347 alia
436 1286 546 1347 frustra
576 1293 765 1348 tentaverunt
792 1286 921 1347 editores
949 1286 1005 1346 alia
1032 1304 1070 1346 ne

59 1373 334 1434 animadverterunt
362 1373 491 1453 quidem.
537 1382 606 1435 sunt
627 1382 744 1456 autem,
772 1377 844 1435 nisi⁴
857 1375 955 1456 fallor,
983 1374 1069 1434 haec:

58 1458 299 1543 11342-346,'
315 1457 378 1523 347
393 1472 446 1542 sq.
463 1465 627 1541 praetereo
645 1479 742 1542 geraus
763 1459 936 1525 dopmnum
955 1465 1071 1524 mutae-

60 1567 113 1628 que
135 1551 284 1612 natantes
301 1597 352 1611 ...
365 1547 645 1629 pervolitantes—
665 1567 843 1632 quorum
864 1549 1070 1629 unumquid-

58 1637 102 1699 ua'o
121 1646 190 1719 etc,
210 1639 295 1699 cuius
315 1639 483 1700 anacoluthi
501 1638 685 1700 simillimum
698 1639 735 1699 IV
749 1636 814 1701 150
828 1658 893 1719 sqq.
911 1657 1069 1700 occurrere

57 1727 152 1786 videri
186 1728 352 1788 rectissime
383 1727 455 1788 dicit
482 1726 653 1808 Goebelius,
684 1734 797 1807 quaest.
824 1727 941 1788 Lucret.
967 1746 996 1805 p.
1017 1724 1068 1789 10.

57 1822 187 1892 utroque
211 1812 276 1874 loeo
298 1817 396 1895 possis
419 1815 518 1876 dicere
538 1815 572 1896 lid
595 1822 705 1896 entare,
728 1815 806 1895 quod
826 1815 954 1876 Graecae
973 1833 1069 1894 gram-

57 1906 184 1963 maticae
203 1902 340 1965 doctores
358 1906 570 1965 nominativum
588 1904 756 1966 absolutum
772 1922 878 1965 vocare
897 1904 992 1965 solent
1010 1923 1069 1965 non

58 1997 150 2051 recte.
175 1997 222 2050 est
244 1998 342 2052 autem
358 1992 465 2053 horum
483 1992 616 2054 locorum
638 1992 712 2053 illud
730 2011 894 2073 commune,
918 1992 996 2071 quod
1014 2011 1069 2071 pro

58 2080 214 2139 enuntiato
246 2079 473 2140 demonstrativo
504 2079 650 2141 subicitur
676 2079 844 2141 relativum:
881 2080 959 2159 quod
990 2079 1069 2141 idem

15 2234 16 2247 χ
59 2166 160 2227 dicere
174 2168 273 2245 possis
287 2168 395 2229 lactum
409 2186 475 2229 esse
487 2168 529 2229 lll
544 2165 631 2231 1009
644 2201 689 2212 -
702 2170 732 2231 et
743 2165 820 2230 lucas
833 2171 947 2247 egestas
960 2187 977 2225 a
993 2166 1071 2229 Tor-

58 2256 169 2316 uuus.
186 2301 215 2315 ..
238 2257 340 2317 acedia
357 2290 403 2313 -,
420 2257 492 2336 qwi
509 2274 604 2335 neque
625 2258 706 2318 suni.
721 2304 728 2317 .
742 2303 772 2318 ..
796 2259 881 2317 cuius
901 2256 958 2316 loci
977 2257 1070 2316 simil-

58 2343 161 2403 limam
174 2342 264 2403 habet
281 2346 425 2405 rationem
439 2347 491 2423 qui
503 2347 639 2423 proxime
654 2339 1069 2424 sequitur1012-1016sq.

58 2428 955 2511 sedmauiuoitapoeuuum...est...tuspnts;
982 2427 1071 2493 scele-
1130 2475 1143 2521 5

58 2514 1070 2598 mequeluellocorceret...ioctus...uerberotoedoc-

60 2624 166 2687 quae
183 2609 287 2668 tameat
300 2605 487 2684 emiobaunt,
505 2610 540 2670 ot
555 2626 661 2670 omna.
677 2657 684 2668 .
699 2656 706 2669 .
724 2608 817 2669 uoluit
834 2615 921 2687 poeta
939 2608 1069 2669 scribere

59 2692 239 2775 cocleisque
256 2691 350 2758 locello
367 2696 473 2759 taedae
489 2744 583 2758 .....
603 2694 726 2759 edumei
743 2692 862 2777 obsunt,
881 2695 934 2757 sed
952 2696 1069 2757 aberra-

60 2786 100 2846 vit
123 2784 160 2845 ah
185 2802 235 2866 eo,
263 2784 341 2862 quod
364 2785 494 2846 scribere
517 2785 617 2846 voluit.
663 2793 696 2845 ut
718 2784 766 2844 his
788 2784 862 2845 locis
885 2784 958 2845 salsa
981 2803 1069 2864 quae-

60 2872 127 2933 dam
150 2874 252 2933 nescio
275 2875 361 2933 cuius
383 2875 555 2935 nominativi
577 2872 705 2934 absoluti
726 2874 841 2951 species
859 2890 891 2933 se
910 2872 1006 2953 offert,
1029 2875 1070 2932 ita

61 2962 220 3022 accusativi
247 2959 376 3021 absoluti
397 2960 424 3021 11
448 2949 534 3023 1030
557 2978 620 3040 sqq.
645 2955 707 3044 (aad
729 2959 804 3023 odeo
825 2978 975 3041 magnum
997 2954 1069 3045 (est)

135 3046 218 3127 quod
229 3064 301 3145 ‘oon
319 3044 476 3127 paulatim
498 3046 792 3149 mittuntumiroraer
813 3045 940 3147 amnesi
979 3047 1070 3127 prin

60 3132 236 3286 iiiiii-⁶3²4?
248 3182 261 3283 .‘
273 3134 658 3304 utttttttt
670 3136 876 3289 mpetu...
887 3135 1069 3287 mat?

61 3307 175 3395 (essent
190 3308 275 3390 00).
315 3312 364 3373 hic
386 3312 524 3373 Lucretio
547 3313 627 3373 idem
650 3315 757 3374 accidit
779 3313 857 3392 quod
880 3311 1069 3391 Xenophonti

61 3403 91 3461 in
114 3398 313 3479 Cyropaediae
337 3419 361 3461 c.
381 3398 401 3460 2
424 3419 485 3479 par.
506 3396 558 3481 15,
581 3419 649 3460 cnm
672 3403 792 3479 scripsit
814 3398 894 3471 τοὺς
908 3394 1069 3476 Ἕλληνας

135 3482 236 3549 οὐδέν
258 3504 324 3548 που
347 3481 450 3569 σαφὲς
473 3482 600 3567 λέγεται
624 3487 655 3549 εἰ
675 3483 820 3549 ἕπονται.
861 3485 946 3546 aliter
966 3502 1015 3544 res
1035 3501 1067 3541 se
