2484 3800
172 169 225 226 XX
538 165 821 222 PROLEGOMENA.

175 323 220 378 est
252 315 329 394 apud
361 312 488 374 Graecos
519 312 726 392 Romanosque
758 320 844 392 atque
876 315 953 393 apud
984 332 1052 375 nos:
1084 319 1186 394 possis

175 406 256 469 enim
277 410 406 463 vertere:
432 420 464 462 es
487 401 585 479 lolgen
608 401 657 462 die
679 399 775 461 bilder
797 402 851 462 der
873 402 970 484 dinge,
991 436 1037 446 —
1058 422 1120 464 was
1143 407 1187 464 im

174 493 264 553 lichte
288 490 409 570 gelegen
427 492 475 549 ist.
517 491 568 568 qui
586 490 704 567 generis
722 492 857 550 neutrius
874 497 942 569 post
959 493 1185 552 antecedentem

175 599 277 641 vocem
294 595 343 640 res
357 581 389 638 in
402 579 553 638 enuntiato
567 576 690 638 relativo
703 596 776 638 usus
793 576 844 659 ibi,
862 578 916 638 ubi
928 597 1024 658 neque
1038 579 1186 660 ambigui-

174 676 266 730 tatem
292 666 381 728 babet
407 684 504 745 neque
531 667 804 746 inconcinnitatem,
831 668 950 727 omnino
977 670 1102 729 vitiosus
1123 687 1186 729 non

176 763 231 836 est,
253 762 287 816 ut
308 751 972 832 inillov.111184sq.qaomres..ollo‚
996 753 1188 818 aoteoeaelos

176 861 305 924 quorum
323 890 330 903 .
346 890 373 904 ..
392 844 509 914 notura
527 840 655 904 videtur.
692 842 747 902 alia
765 845 827 903 sive
845 843 965 903 libertas
984 847 1045 904 sive
1063 844 1187 907 licentia

177 952 194 994 a
226 934 484 1011 grammaticorum
516 933 671 991 severitate
702 931 846 991 recedens
878 938 925 991 est
955 933 987 992 in
1013 932 1187 1016 collectiviS,

176 1020 256 1081 velut
282 1019 295 1080 l
320 1015 387 1082 456
411 1038 467 1101 sq,
494 1018 547 1079 ubi
573 1018 698 1096 legimus
724 1015 872 1080 arbusto.
887 1067 908 1100 .,
935 1019 1017 1098 quod
1042 1019 1079 1082 ἐκ
1106 1024 1188 1084 totos

178 1109 240 1170 scil.
272 1105 408 1189 arborea,
439 1126 476 1168 ex
510 1108 556 1169 his
587 1109 669 1181 enim
700 1107 820 1168 arbusta
853 1115 995 1168 constant
1048 1114 1187 1188 proxima

177 1198 246 1258 huic
265 1199 367 1275 generi
386 1203 462 1276 sunt,
482 1195 578 1274 qualia
597 1202 756 1255 occurrunt
774 1195 792 1256 l.
806 1194 833 1255 ll
845 1214 871 1255 r.
887 1193 953 1258 174
966 1214 1063 1275 penus
1075 1195 1188 1260 bomar

177 1303 260 1346 dom.
306 1301 436 1363 quoram
458 1300 553 1344 causo
576 1291 606 1342 et
628 1282 651 1341 V
674 1280 739 1344 975
762 1301 825 1362 sqq.
848 1280 994 1346 metallo
1014 1282 1186 1348 saeclo...

177 1389 259 1436 ottus
290 1371 417 1451 qouque
447 1389 563 1452 emoto,
601 1369 697 1449 qualia
727 1378 826 1432 tamen
857 1391 896 1432 ne
928 1375 1032 1452 optimi
1063 1376 1187 1453 quidem

180 1479 286 1522 aureae
306 1462 410 1520 aetatis
429 1462 589 1538 scriptores
607 1461 713 1518 vitiosa
731 1477 797 1519 esse
815 1467 965 1537 putarunt.
1006 1463 1085 1540 quod
1105 1465 1186 1524 idem

179 1549 324 1610 contendo
352 1547 388 1608 de
416 1565 450 1608 eo
479 1547 557 1625 quod
585 1553 630 1606 est
656 1546 693 1606 Ν
716 1543 780 1608 915
805 1545 901 1609 aerias
923 1547 1011 1611 norb
1025 1598 1031 1611 .
1047 1580 1086 1631 .·.,
1109 1549 1188 1633 eiua,

178 1640 210 1698 in
238 1655 296 1716 quo
319 1635 523 1696 Lachmannus
551 1634 685 1714 offendit,
713 1638 797 1714 quasi
824 1654 883 1696 non
906 1636 1014 1698 Caesar
1038 1639 1075 1699 de
1099 1639 1127 1700 b.
1151 1640 1187 1701 G.

178 1727 192 1786 Ι
209 1722 253 1786 40
272 1725 427 1803 scripserit
443 1719 703 1799 cavillantia,
725 1739 812 1801 quos
829 1726 932 1786 tomen
951 1732 980 1785 et
997 1745 1058 1787 non
1075 1731 1187 1810 minus,

180 1817 206 1874 si
238 1815 284 1873 dis
315 1811 412 1892 placet
444 1819 473 1872 et
504 1813 716 1892 grammaticis,
749 1811 864 1872 soeloce
892 1813 1052 1875 Schillerus
1082 1824 1189 1877 noster

180 1906 238 1963 ein
271 1899 491 1961 streitendes
523 1898 806 1982 gestaltenheer,
838 1902 894 1962 die
927 1904 1030 1963 seinen
1062 1907 1130 1965 sinn
1154 1909 1189 1967 in

181 1988 416 2051 sklavenbanden
443 1988 562 2050 hielten.
608 1988 645 2049 cl.
672 1990 761 2049 etiam
791 2008 865 2068 quae
892 1990 968 2050 infra
996 1992 1032 2051 ad
1058 1991 1097 2051 Ν
1121 1991 1188 2057 165

180 2087 210 2140 et
233 2076 297 2141 782
321 2075 455 2137 scribam.
603 2108 605 2113 ·

185 2215 187 2219 .
218 2208 231 2230 .,
268 2166 370 2244 Neque
388 2172 486 2226 tamen
504 2167 548 2226 eis
562 2165 784 2226 assentiendum
797 2172 856 2246 est,
870 2169 921 2245 qui
935 2166 1048 2227 nullum
1063 2172 1188 2229 omnino

181 2256 388 2331 soloecismum
411 2273 427 2314 a
445 2253 582 2315 Lucretio
606 2253 668 2331 lugi
685 2255 743 2313 rati
761 2253 852 2313 scribi
870 2253 1011 2316 iubebant
1027 2256 1041 2315 l
1060 2253 1125 2319 189
1141 2276 1187 2337 sq.

180 2336 317 2406 omnio„
332 2389 361 2403 ..
383 2344 622 2422 crescentesque,
645 2341 682 2401 Ν
702 2337 769 2401 443
797 2360 840 2420 sq.
867 2344 924 2402 aut
947 2341 997 2404 bis
1023 2342 1190 2409 coniuncto

180 2429 299 2502 duobus
311 2428 401 2493 rebus
415 2478 421 2490 .
433 2478 456 2489 ..
471 2431 527 2490 aut
538 2426 655 2491 boream
668 2430 774 2491 evento
787 2423 833 2512 (in
846 2428 947 2491 Leidd.
962 2438 1008 2491 est
1020 2430 1189 2497 mansueto

180 2518 303 2582 duobus
322 2530 332 2579 ’.
352 2567 358 2579 .
379 2566 384 2578 .
408 2515 497 2579 rebus
519 2564 526 2577 .
547 2565 552 2577 .
573 2564 579 2577 .
601 2514 731 2597 borota,
761 2525 795 2577 ut
821 2526 972 2600 appareat,
1001 2527 1110 2597 quanta
1138 2522 1190 2582 hic

182 2608 316 2668 codicum
347 2608 511 2673 ,auctoritas
548 2623 612 2665 esse
651 2599 783 2687 debeat),
820 2605 856 2664 Ν
892 2604 935 2668 66
968 2626 1031 2685 sqq.
1067 2604 1192 2671 tuorna

180 2711 383 2774 sapeco...:
414 2691 558 2773 illoram,
591 2694 663 2772 quin
696 2695 784 2754 etiam
815 2693 852 2753 Ν
879 2692 944 2757 266
975 2692 1011 2755 a'o
1042 2686 1120 2757 eam'
1147 2716 1190 2758 sc.

180 2778 335 2865 speculum
365 2783 439 2841 ferri
469 2800 556 2865 posse
577 2788 741 2859 putarunt:
774 2800 848 2861 quos
880 2784 926 2842 rei
952 2784 1098 2844 rationem
1127 2804 1191 2846 non

180 2873 369 2952 perspexisse
389 2867 615 2930 existimandum
635 2877 688 2930 est.
719 2888 870 2949 nunquam
884 2872 963 2931 enim
978 2870 1191 2935 soloecismum

181 2960 310 3021 admittit
336 2956 516 3038 Lucretius,
536 2960 595 3018 nisi
626 2960 667 3018 ita
699 2960 725 3017 si
758 2977 844 3037 quam
873 2960 905 3018 in
931 2977 1020 3019 versu
1047 2961 1191 3039 fingendo
1222 2955 1223 2958 ’

182 3046 418 3108 commoditatem
450 3045 519 3105 inde
551 3045 662 3107 lucrari
692 3046 821 3107 videtur:
856 3045 936 3106 velut
970 3047 1091 3107 difficile
1124 3059 1192 3111 erat

181 3136 195 3195 l
223 3132 264 3197 51
302 3152 390 3194 versu
426 3132 524 3193 dicere
561 3126 639 3217 (res)
671 3133 796 3197 eosdem
825 3133 1005 3213 peremptas
1036 3137 1191 3199 resolvere

182 3230 325 3285 naturam.
367 3239 441 3300 quae
465 3223 562 3281 omnia
584 3225 708 3286 nonita
730 3223 858 3301 disputo,
881 3229 915 3281 ut
938 3223 974 3283 de
992 3223 1087 3304 laude,
1110 3242 1192 3305 quae

183 3311 221 3371 ob
241 3311 386 3371 sermonis
407 3310 571 3370 castitatem
589 3309 726 3371 Lucretio
748 3311 898 3390 tribuitur,
917 3311 1071 3373 detrahere
1089 3314 1192 3396 velim,

182 3401 242 3461 nisi
264 3398 340 3458 forte
359 3415 479 3476 parvam
497 3395 624 3476 aliquam
642 3406 764 3479 partem,
787 3397 839 3457 sed
857 3404 891 3457 ut
911 3398 1041 3480 doceam,
1063 3410 1192 3479 quanto·

181 3505 254 3567 pere
282 3504 385 3547 cavere
414 3484 585 3567 debeamus,
613 3505 650 3547 ne
678 3493 810 3547 correcta
837 3485 974 3569 velimuS,
1002 3489 1028 3547 si
1055 3506 1134 3567 quae
1158 3494 1197 3551 in-
