2484 3800
545 172 584 227 IV
1009 169 1071 234 117

133 338 190 381 uec
212 321 351 382 dissentit
374 338 442 380 eum
464 322 569 380 mortis
591 320 701 399 letique
723 322 851 398 potitum

59 411 193 475 005100
217 408 348 488 pridem,
372 426 461 487 quem
483 427 567 469 mens
589 411 685 468 vivom
709 426 741 467 se
765 426 886 469 cernere
911 406 1013 468 credit

60 512 116 563 750
134 491 144 579 ΙΙ
158 497 237 575 quod
262 504 411 577 superest,
433 514 494 557 nou
516 504 562 557 cst
583 500 691 557 mirum
715 496 871 557 simulacra
893 496 1006 555 moveri

134 584 333 663 bracchiaque
355 587 387 645 in
409 602 566 645 numerum
588 587 698 645 iactare
721 591 750 644 et
773 591 871 644 cetera
893 582 1032 643 membra.

134 692 203 734 nam
227 674 260 733 fit
282 674 369 733 utin
392 676 504 733 somnis
527 674 623 733 facere
646 673 702 733 boc
724 672 858 733 videatur
879 674 989 749 imago:
1034 693 1074 734 uo

136 764 260 841 quippe,
283 760 335 820 ubi
357 764 453 840 prima
474 762 554 840 perit
576 761 720 840 alioquest
742 760 833 820 altera
856 766 923 820 nata

62 866 121 917 770
136 849 206 909 inde
231 857 322 929 statu,
344 851 427 928 prior
448 850 497 910 bic
520 856 636 927 gestum
658 856 787 909 mutasse
810 847 933 908 videtur.

64 955 117 1003 750
138 937 265 1018 scilicet,
289 937 317 997 id
340 938 408 997 lieri
430 937 522 997 celeri
544 940 657 998 ratione
680 937 883 1017 putandumst:

136 1032 246 1087 tantast
268 1025 416 1086 mobilitas
440 1033 470 1086 et
491 1044 592 1086 rerum
616 1028 699 1104 copia
722 1032 815 1106 tanta,

137 1122 276 1193 tantaque
299 1113 434 1174 sensibili
457 1116 561 1193 quovis
584 1121 629 1175 est
651 1121 783 1193 tempore
806 1116 838 1173 in
859 1131 919 1173 uuo
1035 1132 1074 1173 ns

139 1204 224 1281 copia
246 1201 471 1283 particularum,
493 1210 528 1263 ut
549 1205 644 1282 possit
667 1202 863 1281 suppeditare.
881 1200 892 1281 ΙΙ

65 1306 121 1357 775
181 1289 329 1369 Multaque
356 1294 387 1350 in
412 1291 459 1350 his
481 1290 571 1351 rebus
594 1300 789 1371 quaeruntur,
816 1290 965 1368 multaque
987 1286 1074 1348 nobis

66 1396 118 1446 700
138 1378 351 1460 clarandumst,
373 1379 459 1458 plane
483 1382 510 1439 si
532 1398 581 1439 res
604 1397 752 1458 exponere
776 1397 903 1439 avemus

139 1469 292 1547 quaeritur
314 1470 347 1527 iu
368 1469 473 1546 primis
497 1486 601 1548 quare,
625 1468 702 1546 quod
726 1470 831 1546 cuique
854 1465 945 1525 libido

137 1558 266 1636 venerit,
289 1554 435 1634 extemplo
459 1574 543 1616 mens
566 1558 676 1634 cogitet
698 1558 761 1617 eius
784 1556 814 1615 id
838 1558 943 1635 ipsum.
1035 1575 1074 1615 reo

138 1662 215 1704 anne
238 1643 417 1704 voluntatem
439 1652 571 1705 nostram
594 1644 750 1705 simulacra
773 1651 906 1725 tuentur,

66 1748 123 1799 780
140 1739 171 1792 et
194 1732 282 1792 simul
304 1751 338 1793 ac
360 1731 494 1792 volumus
518 1732 603 1792 nobis
628 1735 757 1794 occurrit
779 1735 887 1813 imago,

67 1837 119 1886 705
139 1822 167 1880 si
189 1838 283 1902 mare,
306 1823 332 1880 si
354 1827 464 1881 terram
488 1821 612 1902 cordist,
637 1823 663 1881 si
685 1822 812 1899 denique
836 1816 971 1881 caelum?

139 1916 301 1970 conventus
323 1909 489 1990 hominum,
510 1928 661 1991 pompam,
685 1913 829 1990 convivia,
851 1928 977 1990 pugnas,

139 2000 239 2058 omnia
261 1997 316 2057 sub
339 1997 468 2058 verbone
491 2005 571 2059 creat
594 2005 698 2059 natura
720 1995 884 2077 paratque?
1036 2017 1076 2060 ass

139 2104 209 2147 cum
230 2089 406 2164 praesertim
429 2085 495 2146 aliis
517 2086 620 2146 eadem
642 2089 674 2146 10
696 2088 817 2164 regione
840 2085 964 2163 locoque

66 2174 225 2252 78510uge
248 2173 401 2234 dissimilis
424 2177 540 2235 animus
562 2193 611 2234 res
635 2177 744 2253 cogitet
766 2176 869 2234 omnis

66 2281 120 2330 770
140 2262 212 2342 quid
234 2281 337 2343 porro,
359 2265 391 2322 in
413 2281 571 2323 numerum
592 2263 754 2341 procedere
777 2280 844 2323 cum
867 2261 1023 2324 simulacra
1077 2339 1078 2342 Ἴ

12 2352 21 2364 ”
139 2353 290 2411 cernimus
313 2353 344 2410 in
367 2353 479 2411 somnis
503 2359 533 2411 et
554 2350 653 2410 mollia
675 2350 806 2411 membra
828 2368 959 2431 movere,

139 2438 252 2518 mollia,
274 2438 423 2499 mobiliter
445 2457 512 2499 cum
535 2438 657 2499 alteruis
679 2438 816 2499 bracchia
839 2441 960 2499 mittunt
1036 2463 1079 2504 00

139 2534 170 2588 et
193 2534 331 2606 repetunt
353 2527 420 2588 ollis
443 2535 558 2606 gestum
579 2528 655 2606 pede
679 2525 887 2588 convenienti?

66 2633 124 2684 790
141 2614 268 2696 scilicet,
290 2622 353 2676 arte
375 2616 495 2676 madent
516 2615 673 2676 simulacra
695 2623 725 2676 et
747 2616 833 2676 docta
855 2623 1010 2698 vagantur,

67 2719 120 2771 776
139 2710 285 2764 nocturno
308 2704 404 2764 facere
427 2711 461 2764 ut
481 2706 598 2784 possint
619 2707 651 2765 in
673 2711 806 2784 tempore
829 2703 922 2765 ludos

140 2809 178 2851 00
200 2793 293 2870 magis
315 2791 387 2853 illud
410 2795 468 2852 erit
489 2790 614 2853 verum?
651 2796 719 2872 quia
741 2801 874 2871 tempore
897 2795 928 2854 in
951 2813 1024 2877 uno,

140 2897 209 2940 cum
231 2882 387 2959 sentimus,
410 2880 441 2940 id
464 2888 510 2941 est
532 2899 599 2942 cum
622 2900 677 2940 vox
701 2883 845 2942 emittitur
868 2900 939 2962 una,
1036 2906 1076 2949 uss

139 2975 273 3046 tempora
296 2968 387 3029 multa
409 2968 512 3050 latent,
535 2971 610 3030 ratio
635 2987 708 3048 quae
732 2973 875 3049 comperit
898 2989 977 3052 esse,

68 3073 123 3124 795
139 3063 297 3135 propterea
319 3057 353 3116 fit
375 3059 419 3117 uti
441 3059 544 3136 quovis
567 3059 599 3117 in
621 3065 754 3137 tempore
778 3077 910 3138 quaeque

68 3160 121 3211 700
139 3151 257 3223 praesto
281 3147 342 3205 sint
364 3145 520 3206 simulacra
543 3144 616 3206 locis
639 3148 671 3206 in
694 3148 819 3226 quisque
841 3155 951 3226 parata.

139 3228 242 3316 1110010
264 3240 311 3293 est
332 3232 480 3294 mobilitas
503 3241 533 3294 et
554 3253 656 3295 rerum
679 3237 763 3314 copia
785 3242 874 3296 tanta.

562 3341 582 3380 0

138 3408 195 3469 hoo
217 3408 269 3470 ubi
291 3412 386 3489 prima
408 3413 487 3489 perit
508 3409 653 3490 alioquest
676 3412 767 3474 altera
789 3421 858 3474 nata
1035 3434 1076 3474 sco

138 3497 207 3558 inde
230 3505 322 3579 statu,
344 3501 428 3578 prior
449 3499 498 3560 bic
520 3506 636 3578 gestum
658 3509 788 3563 mutasse
812 3503 935 3563 videtur.
953 3496 964 3581 ΙΙ
