2484 3800
579 159 618 214 IV
1043 161 1107 225 119

92 325 149 375 880
169 326 350 388 sermonem,
374 307 525 387 multoque
549 315 665 369 creatae
689 316 759 369 sunt
780 311 864 387 prius
887 328 974 370 aures

169 416 258 477 quam
281 415 372 457 sonus
395 404 441 457 est
461 396 586 478 auditus,
610 404 641 457 et
659 399 756 457 omnia
774 397 902 476 denique
921 398 1053 459 membra
1067 421 1108 460 seo

168 493 237 547 ante
261 487 359 566 fuere,
382 492 415 546 ut
437 488 555 565 opinor,
578 502 681 546 eorum
704 502 792 564 quam
815 486 892 545 foret
914 506 1000 548 usus:

168 574 248 635 haud
270 576 362 652 igitur
383 581 506 652 potuere
529 573 634 634 utendi
656 592 791 634 creseere
814 592 911 634 eausa.

93 679 154 729 840
170 671 200 723 at
223 670 325 723 contra
348 662 483 722 conferre
505 680 594 722 manu
618 664 779 722 certamina
800 680 915 741 pugnae

94 767 150 816 855
170 758 200 811 et
222 751 352 811 lacerare
375 758 457 811 artus
480 750 657 828 foedareque
680 749 812 810 membra
835 768 940 812 eruore

170 846 237 901 ante
260 840 316 901 iuit
337 838 429 899 multo
453 856 541 917 quam
563 838 660 899 lueida
682 838 740 899 tela
762 838 907 920 volarent,
1066 861 1106 902 545

171 935 201 988 et
222 927 326 989 volnus
348 930 441 987 uitare
463 930 546 1006 prius
569 934 674 987 natura
697 930 794 1006 coegit

171 1034 259 1095 quam
281 1016 365 1077 daret
388 1015 535 1075 obiectum
557 1017 671 1094 parmai
693 1015 774 1076 laeva
794 1034 849 1094 per
871 1022 973 1076 artem.

97 1121 154 1171 845
169 1104 297 1185 scilieet,
322 1111 352 1164 et
373 1104 485 1164 fessum
508 1121 616 1182 eorpus
638 1103 777 1164 mandare
801 1106 896 1182 quieti

95 1210 151 1259 830
169 1192 263 1254 multo
285 1194 435 1271 antiquius
459 1199 505 1252 est
527 1210 614 1270 quam
638 1191 707 1252 leoti
730 1191 828 1251 mollia
852 1198 955 1271 strata,

170 1289 200 1341 et
223 1281 326 1342 sedare
349 1283 430 1341 sitim
452 1283 536 1359 prius
558 1286 604 1340 est
627 1298 714 1359 quam
736 1279 841 1359 poeula
863 1286 972 1341 natum.
1065 1302 1105 1342 aso

168 1369 242 1430 haee
264 1371 356 1447 igitur
377 1375 502 1447 possunt
524 1368 628 1429 utendi
650 1370 766 1447 cognita
789 1386 876 1429 eausa

170 1456 299 1538 oredier,
323 1475 358 1517 ex
381 1475 439 1517 usu
462 1475 535 1535 quae
560 1464 630 1517 sunt
651 1459 769 1536 vitaque
791 1463 917 1536 reperta.
952 1471 954 1473 ·

96 1562 156 1613 850
169 1544 220 1605 illa
243 1545 363 1623 quidem
386 1562 521 1605 seorsum
545 1551 614 1605 sunt
637 1548 747 1626 omnia,
771 1564 845 1624 quae
867 1547 952 1623 prius
975 1546 1039 1622 ipsa

96 1640 238 1701 subnata
260 1632 369 1693 dedere
392 1651 462 1693 suae
485 1640 553 1712 post
574 1636 710 1694 notitiam
732 1633 875 1694 utilitatis.

171 1740 229 1801 quo
256 1739 365 1799 genere
387 1724 419 1781 in
442 1723 546 1800 primis
570 1740 676 1782 sensus
699 1729 729 1782 et
750 1721 882 1782 membra
904 1721 1052 1802 videmus3
1065 1743 1105 1784 sss

171 1828 262 1889 quare
285 1812 374 1869 etiam
396 1817 484 1889 atque
508 1812 597 1870 etiam
619 1810 723 1889 procul
745 1818 791 1871 est
813 1817 846 1870 ut
867 1810 989 1871 eredere
1007 1811 1105 1889 possis

169 1898 306 1960 utilitatis
329 1897 366 1958 oh
390 1899 520 1960 officium
542 1902 674 1978 potuisse
698 1903 800 1960 creari.
818 1894 829 1979 ΙΙ

214 1987 299 2048 Nunc
321 1989 373 2067 qui
395 1988 446 2048 fiat
467 1990 511 2048 uti
533 2006 639 2067 passus
661 1989 794 2066 proierre
818 2006 973 2068 queamus,
1066 2009 1105 2048 eu

95 2094 151 2144 840
171 2094 238 2137 cum
260 2075 409 2156 volumus,
431 2078 569 2155 varieque
593 2077 693 2136 datum
716 2078 755 2135 sit
776 2075 908 2135 membra
930 2092 1061 2155 movere,

95 2181 156 2232 376
171 2172 202 2225 et
223 2183 298 2243 quae
321 2182 371 2224 res
392 2170 508 2224 tantum
529 2164 585 2224 hoc
609 2165 708 2223 oneris
731 2162 906 2242 protrudere
928 2165 1024 2223 nostri

172 2255 305 2331 corporis
327 2254 466 2332 insuerit,
489 2252 598 2312 dicam:
621 2259 655 2312 tu
677 2253 796 2330 percipe
820 2251 905 2310 diota.
1065 2273 1105 2312 ooo

171 2341 237 2401 dieo
260 2342 357 2400 animo
380 2347 482 2400 nostro
504 2343 635 2419 primum
657 2339 814 2400 simulacra
835 2339 954 2398 meandi

172 2428 306 2489 accidere
327 2435 415 2507 atque
438 2431 568 2489 animum
591 2427 721 2508 pulsare,
744 2434 777 2488 ut
800 2427 927 2487 diximus
951 2433 1026 2486 ante.

96 2534 151 2583 845
170 2517 239 2577 inde
262 2516 395 2577 voluntas
418 2517 464 2577 fit:
486 2535 582 2596 neque
605 2519 686 2576 enim
708 2517 804 2576 iacere
828 2517 934 2594 incipit
955 2514 1044 2575 ullam

96 2621 235 2672 881rem
258 2608 427 2685 quisquam,
450 2622 545 2684 quam
566 2623 651 2666 mens
673 2605 802 2684 providit
824 2603 895 2682 quid
918 2603 988 2663 velit
1009 2610 1085 2663 ante.

170 2693 201 2754 id
224 2693 303 2772 quod
325 2693 472 2774 providet,
494 2692 573 2754 illius
597 2696 642 2754 rei
664 2698 779 2753 constat
800 2695 903 2771 imago.
1065 2714 1105 2756 ess

170 2800 241 2860 ergo
263 2784 378 2842 animus
402 2799 469 2842 oum
492 2799 557 2842 sese
580 2784 620 2842 ita
644 2788 808 2842 commovet
829 2787 863 2840 ut
884 2780 955 2841 velit
976 2782 1021 2841 ire

170 2872 260 2949 inque
283 2871 380 2951 gredi,
404 2871 472 2930 ferit
495 2869 641 2948 extemplo
664 2888 738 2949 quae
761 2871 792 2929 in
815 2887 939 2948 corpore
961 2875 1036 2950 toto,

96 2975 152 3025 850
170 2977 225 3038 per
246 2959 378 3019 membra
402 2965 489 3037 atque
513 2965 606 3038 artus,
630 2959 738 3018 animai
761 2958 864 3018 dissita
886 2959 930 3016 vis
953 2965 1011 3018 est:

97 3063 157 3114 886
171 3054 201 3106 et
223 3046 337 3107 iaeilest
359 3048 451 3128 iaetu,
475 3048 614 3125 quoniam
637 3048 793 3107 coniuncta
815 3052 940 3106 tenetur.

170 3135 239 3195 inde
263 3154 297 3195 ea
318 3153 462 3215 proporro
486 3153 594 3214 eorpus
617 3135 699 3215 ierit,
722 3142 808 3213 atque
831 3137 872 3194 ita
893 3140 954 3194 tota
1066 3156 1105 3197 seo

169 3223 309 3303 paulatim
332 3223 424 3284 moles
447 3223 634 3302 protruditur
656 3230 743 3301 atque
766 3229 908 3284 movetur.

169 3319 323 3391 praeterea
344 3320 408 3373 tum
431 3313 556 3372 rarescit
578 3329 695 3390 quoque
719 3330 839 3392 eorpus,
862 3319 892 3372 et
914 3315 978 3391 aer,

97 3415 151 3465 855
171 3401 297 3480 scilieet,
319 3407 353 3461 ut
375 3399 463 3461 debet
486 3403 538 3479 qui
560 3418 679 3480 semper
699 3400 817 3461 mobilis
840 3406 932 3480 extat,

97 3505 152 3556 891
166 3507 221 3568 per
242 3490 387 3568 patefacta
409 3491 489 3549 venit
511 3496 704 3569 penetratque
727 3490 870 3551 foramina
893 3488 1005 3575 largus,
