2484 3800
567 102 581 157 1

51 257 115 308 ‘195
139 250 244 311 ordine
267 256 381 310 mutato
405 256 437 310 et
457 257 554 331 motu,
576 251 673 313 iacere
696 254 774 313 aeris
798 270 897 335 auras,

139 341 183 399 sic
206 338 279 398 alias
304 336 369 398 aliis
391 337 483 399 rebus
504 341 649 399 mutarier
671 336 789 402 omnis?

183 421 232 487 ‘nt
255 426 413 487 manifesta
435 425 532 505 palam
554 445 604 487 res
626 425 748 489 indicat'
771 431 871 509 inquis
895 426 938 490 ‘iu
961 446 1047 491 auras

139 517 217 575 aeris
241 533 258 575 e
281 521 362 575 terra
383 531 434 574 res
457 516 553 575 omnis
577 534 710 577 crescere
734 517 843 598 alique3

53 611 125 662 805
140 610 171 663 et
192 604 254 663 nisi
276 608 437 682 tempesias
461 602 595 681 indulget
616 611 748 685 tempore
770 605 865 666 inusto
1038 618 1079 661 sos

54 697 119 748 8⁰0
138 690 301 770 imbribus,
323 697 358 751 ut
378 689 446 749 tabe
468 690 639 752 nimborum
662 693 781 753 arbusta
803 693 952 775 vacilleut,

139 779 243 858 solque
267 796 321 839 sua
344 796 399 856 pro
422 785 505 857 parte
528 779 607 839 fovet
629 780 792 860 tribuitque
815 781 957 863 calorem,

138 884 277 928 crescere
299 884 361 926 non
382 868 499 945 possint
521 868 621 946 fruges
645 868 764 930 arbusta
786 865 964 931 animantis?

138 954 270 1036 scilicet,
292 961 324 1014 et
345 956 406 1014 uisi
427 972 483 1015 nos
506 955 591 1015 cibus
613 956 714 1017 aridus
737 963 767 1017 et
789 964 874 1018 tener
896 976 982 1019 umor

57 1050 122 1101 810
138 1044 272 1123 adiuvet,
294 1044 405 1107 amisso
427 1044 487 1102 iam
508 1061 633 1123 corpore
656 1046 715 1105 vita
737 1062 854 1123 quoque
878 1048 973 1107 omnis
1038 1060 1079 1101 sro

59 1138 119 1188 808
138 1130 278 1192 omnibus
303 1149 320 1191 o
342 1132 443 1190 nervis
465 1138 553 1210 atque
576 1131 693 1192 ossibus
716 1132 898 1194 exsolantur:

138 1219 310 1281 adiutamur
332 1220 413 1279 euim
436 1218 525 1279 dubio
548 1219 653 1298 procul
676 1227 763 1299 atque
786 1220 891 1283 alimur
913 1238 968 1283 nos

138 1310 232 1368 certis
254 1306 292 1367 ab
314 1305 420 1388 rebus,
444 1309 535 1368 certis
557 1307 632 1368 aliae
655 1315 742 1386 atque
765 1308 839 1371 aliae
861 1329 918 1371 res.

137 1398 296 1476 nimiunn,
319 1396 390 1474 quia
411 1394 503 1455 multa
525 1395 621 1456 modis
645 1400 811 1459 communia
832 1398 934 1460 multis

61 1492 123 1544 815
139 1484 303 1545 multarum
325 1500 426 1543 rerum
449 1485 481 1542 in
503 1482 593 1544 rebus
615 1486 779 1563 primordia
800 1489 891 1547 mixta
1038 1498 1079 1541 aro

61 1579 119 1630 810
140 1580 224 1653 sunt,
246 1572 315 1632 ideo
338 1572 428 1632 variis
450 1573 548 1631 variae
570 1590 620 1633 res
643 1572 733 1634 rebus
756 1573 881 1636 aluntur.

139 1668 228 1740 atque
252 1659 357 1720 eadem
379 1660 479 1737 magni
502 1660 594 1720 refert
615 1662 778 1739 primordia
801 1680 889 1743 saepe

140 1767 209 1810 cum
232 1747 342 1827 quibus
365 1754 396 1807 et
418 1746 498 1825 quali
520 1749 653 1826 positura
676 1753 883 1812 contineantur

139 1844 171 1897 et
193 1854 269 1916 quos
290 1837 371 1896 inter
394 1853 427 1896 se
449 1835 521 1896 dent
542 1843 641 1896 motus
664 1840 880 1919 accipiantque:

62 1935 128 1988 820
139 1944 268 2005 namque
292 1925 396 1986 eadem
419 1923 533 1985 caelum
554 1942 636 1984 mare
658 1932 755 1987 terras
777 1928 898 1989 flumina
922 1921 1015 1989 solem
1039 1941 1079 1981 ⁸2⁰

62 2022 120 2074 818
139 2016 341 2093 constituunt,
363 2012 467 2072 eadem
489 2013 590 2091 fruges
612 2012 732 2074 arbusta
754 2019 925 2097 animantis,

139 2119 245 2163 verum
267 2101 334 2162 aliis
357 2099 474 2180 alioque
495 2100 584 2161 modo
608 2103 766 2162 commixta
787 2111 950 2165 moventur.

140 2192 214 2270 quin
238 2192 328 2250 etiam
350 2190 462 2267 passim
484 2190 595 2248 nostris
618 2190 651 2248 in
673 2189 807 2251 versibus
830 2193 905 2271 ipsis

138 2278 233 2339 multa
257 2277 402 2338 elementa
424 2276 507 2336 vides
529 2275 631 2337 multis
655 2281 821 2339 communia
844 2277 956 2358 verbis,

63 2373 210 2428 825cnm
232 2374 332 2427 tamur
354 2367 434 2424 inter
457 2382 489 2424 se
511 2383 615 2425 versus
638 2383 673 2425 ac
695 2364 784 2426 verba
806 2372 958 2427 necessest
1040 2372 1081 2416 ⁸2⁵

63 2464 122 2515 880
140 2455 303 2516 confiteare
326 2461 358 2515 et
378 2470 412 2513 re
435 2459 465 2512 et
487 2455 588 2513 sonitu
609 2452 720 2514 distare
744 2456 868 2515 sonanti,

138 2550 257 2604 tantum
280 2542 427 2603 elementa
450 2547 562 2619 queunt
583 2548 750 2619 permutato
773 2542 876 2603 ordine
900 2538 976 2618 solo,

139 2638 171 2692 at
193 2648 297 2692 rerum
319 2647 395 2709 quae
418 2635 489 2688 sunt
509 2629 685 2710 primordia,
707 2629 792 2709 plura
814 2626 955 2690 adhibere

139 2726 269 2800 possunt
291 2718 370 2779 unde
393 2723 504 2795 queant
525 2718 623 2777 variae
646 2735 696 2778 res
718 2735 851 2797 quaeque
875 2715 980 2777 creari.

63 2817 124 2868 830
186 2806 273 2868 Nunc
297 2814 327 2867 et
348 2807 536 2883 Anaxagorae
559 2812 727 2866 scrutemur
749 2803 990 2867 homoeomerian
1044 2809 1085 2850 8³⁰

66 2905 120 2957 825
140 2914 232 2976 quam
255 2893 326 2956 Grai
348 2899 515 2955 memorant
535 2911 592 2954 nec
613 2902 716 2954 nostra
738 2893 838 2954 (licere
861 2891 964 2968 lingua

139 2983 280 3045 concedit
302 2981 390 3044 uobis
411 2983 502 3061 patrii
524 2983 671 3042 sermonis
694 2989 823 3063 egestas,

139 3073 194 3134 sed
218 3079 318 3132 tamen
341 3073 437 3151 ipsam
458 3086 524 3129 rem
545 3068 662 3129 facilest
684 3087 831 3149 exponere
855 3062 968 3126 verbis.

138 3161 304 3241 principio,
326 3176 428 3219 rerum
452 3175 540 3235 quam
562 3157 636 3218 dicit
657 3157 916 3232 homoeomerian,

65 3257 124 3311 886
138 3267 222 3330 ossa,
244 3247 397 3327 videlicet,
420 3265 436 3307 e
458 3244 595 3324 pauxillis
619 3252 707 3326 atque
730 3247 854 3308 minutis
1049 3243 1095 3286 ⁸³⁶

65 3348 119 3400 880
139 3337 261 3399 ossibus
283 3336 332 3397 hic
357 3334 446 3396 etde
469 3333 606 3414 pauxillis
630 3341 717 3414 atque
741 3335 867 3396 minutis

138 3425 309 3488 visceribus
332 3426 432 3485 viscus
453 3424 537 3502 gigni
559 3441 749 3504 sanguenque
773 3421 873 3486 creari
