2484 3800
562 192 602 245 VI
1021 192 1084 255 173

132 355 203 398 nam
224 336 300 397 bene
324 340 375 416 qui
397 337 527 399 didicere
550 338 621 399 deos
645 356 782 400 securum
808 357 894 418 agere
918 356 1031 420 aevom,
1058 360 1085 401 os

133 428 161 487 si
183 433 282 486 tamen
304 428 417 486 interea
439 428 585 487 mirantur
608 445 665 505 qua
687 429 801 487 ratione

78 521 115 571 60
134 532 268 592 quaeque
291 516 355 592 geri
377 516 504 595 possint,
526 517 700 593 praesertim
724 513 813 575 rebus
836 515 949 575 inillis
1058 538 1084 577 oo

134 620 209 680 quae
235 620 341 681 supera
363 610 450 680 caput
472 602 611 663 aetheriis
635 609 796 663 cernuntur
818 604 849 662 in
873 605 947 684 oris,

21 760 26 771 ,
78 707 113 755 oo
133 708 239 751 rursus
262 692 294 749 in
316 692 450 770 antiquas
472 691 643 751 referuntur
664 688 817 769 religionis

134 785 165 838 ct
187 778 321 838 dominos
344 780 421 838 acris
443 778 625 860 adsciscunt,
648 781 746 838 omnia
767 796 854 857 posse

135 884 209 945 quos
231 868 334 926 miseri
357 865 493 947 credunt,
515 869 611 945 ignari
634 866 705 945 quid
729 873 816 945 queat
839 884 918 946 esse,

78 960 115 1011 65
134 954 206 1033 quid
229 961 367 1033 nequeat,
390 954 472 1013 finita
494 961 625 1033 potestas
648 954 775 1033 denique
798 956 903 1032 cuique

134 1060 261 1121 quanam
284 1044 322 1102 sit
344 1044 458 1102 ratione
481 1048 568 1121 atque
592 1041 649 1102 alte
671 1044 816 1103 terminus
837 1042 976 1122 haerens;

78 1146 193 1209 coquo
216 1132 308 1208 magis
331 1140 463 1190 errantes
486 1148 573 1190 caeca
595 1132 708 1191 ratione
728 1131 871 1191 teruntur.

134 1236 208 1297 quae
231 1219 289 1277 nisi
311 1220 428 1296 respuis
451 1236 486 1278 ex
509 1220 606 1278 animo
630 1218 773 1296 longeque
796 1219 923 1278 remittis

134 1306 180 1366 dis
202 1306 322 1385 indigna
344 1313 448 1385 putare
471 1305 624 1385 alienaque
646 1308 727 1384 pacis
750 1323 866 1386 eorum,

79 1400 116 1452 70
133 1393 259 1455 delibata
282 1394 369 1454 deum
391 1412 445 1473 per
467 1401 496 1454 te
518 1394 574 1455 tibi
596 1396 718 1479 numina
740 1399 840 1454 sancta

133 1500 220 1561 saepe
244 1481 380 1563 oberunt3
404 1500 463 1541 non
487 1500 544 1560 quo
566 1482 670 1542 violari
692 1499 806 1542 summa
828 1481 916 1541 deum
938 1483 983 1541 vis

79 1586 114 1635 to
132 1572 239 1651 possit,
262 1577 294 1631 ut
317 1588 352 1630 ex
375 1573 419 1630 ira
440 1588 550 1649 poenas
572 1576 673 1649 petere
696 1569 810 1630 inbibat
831 1572 922 1651 acris,

133 1658 184 1718 sed
208 1660 277 1737 quia
297 1665 360 1719 tute
384 1657 438 1717 tibi
459 1657 573 1737 placida
596 1676 758 1737 cumpace
781 1658 895 1737 quietos

132 1749 294 1807 constitues
316 1764 437 1825 magnos
460 1748 571 1807 irarum
592 1747 708 1807 volvere
731 1745 851 1827 iluctus,

77 1841 116 1893 75
132 1852 187 1894 nec
210 1834 331 1895 delubra
354 1834 442 1894 deum
462 1834 577 1914 placido
601 1854 668 1896 cum
690 1842 809 1914 pectore
833 1833 941 1916 adibis,

132 1941 187 1983 nec
210 1923 246 1983 de
269 1941 392 2002 corpore
415 1941 489 2001 quae
513 1931 614 1984 sancto
637 1923 793 1984 simulacra
815 1923 950 1984 feruntur

78 2027 113 2077 ro
130 2012 164 2070 in
186 2018 299 2071 mentes
322 2012 475 2072 hominum
498 2012 611 2072 divinae
635 2014 738 2072 nuntia
759 2011 883 2091 formae,

132 2102 282 2178 suscipere
305 2098 378 2159 baec
401 2101 491 2160 animi
513 2099 671 2178 tranquilla
692 2117 763 2178 pace
787 2096 905 2158 valebis.

131 2187 200 2247 inde
223 2187 322 2247 videre
345 2187 416 2248 licet
437 2186 531 2266 qualis
554 2190 612 2248 iam
634 2189 694 2247 vita
716 2193 863 2265 sequatur.

76 2282 116 2332 80
132 2294 220 2354 quam
243 2275 362 2355 quidem
384 2282 417 2336 ut
440 2294 456 2334 a
478 2273 563 2335 nobis
586 2277 661 2342 ratio
683 2276 836 2335 verissima
858 2273 944 2352 longe

131 2365 246 2444 reiciat,
270 2381 447 2442 quamquam
470 2370 538 2423 sunt
560 2382 577 2422 a
598 2381 646 2423 me
669 2362 759 2423 multa
781 2354 925 2442 proiecta,

77 2466 112 2514 80
131 2450 223 2511 multa
245 2457 343 2511 tamen
366 2458 479 2512 restant
500 2458 530 2510 st
552 2458 622 2511 sunt
644 2450 773 2511 ornanda
794 2449 894 2530 politis

130 2537 277 2598 versibus:
301 2546 346 2599 est
367 2541 443 2600 ratio
466 2537 540 2599 caeli
562 2538 707 2617 nubisque
730 2538 878 2619 ponenda,

131 2633 200 2687 sunt
221 2633 410 2704 tempestates
433 2634 463 2686 et
485 2625 606 2686 fulmina
630 2625 708 2687 clara
730 2625 872 2707 canenda,

77 2719 114 2770 85
132 2716 183 2791 qui
205 2715 277 2774 liant
299 2721 328 2774 et
351 2733 407 2793 qua
430 2713 467 2774 de
490 2732 577 2774 causa
600 2731 725 2791 cumque
748 2713 893 2794 ferantur3

130 2819 167 2860 ne
190 2802 320 2881 trepides
343 2801 415 2862 caeli
438 2802 539 2862 divisis
562 2801 695 2880 partibus
718 2819 832 2882 amens,

77 2903 110 2953 85
130 2889 208 2950 unde
230 2889 330 2950 volans
353 2892 430 2968 ignis
452 2892 620 2968 pervenerit
643 2891 747 2950 autin
768 2896 865 2949 utram
888 2907 919 2949 se
959 2966 964 2976 .

129 2980 252 3037 verterit
273 2978 342 3038 hinc
364 2980 483 3057 partim,
507 2995 564 3056 quo
586 2985 672 3056 pacto
694 2995 749 3056 per
771 2975 836 3036 loca
857 2984 940 3055 septa

130 3068 302 3146 insinuarit,
324 3073 354 3125 et
375 3066 445 3125 hinc
467 3065 634 3125 dominatus
656 3072 690 3125 ut
712 3064 851 3125 extulerit
873 3083 914 3125 se.

76 3161 114 3211 90
130 3171 255 3232 quorum
278 3172 399 3232 operum
424 3171 526 3213 carisas
549 3152 629 3213 nulla
652 3154 763 3214 ratione
787 3152 886 3212 ridere

129 3249 254 3319 possunt
276 3261 309 3302 ac
332 3243 397 3302 lieri
420 3241 518 3301 divino
540 3243 662 3302 numine
685 3248 796 3302 rentur.

76 3345 111 3395 90
129 3336 162 3389 tu
183 3329 256 3388 mihi
280 3347 433 3408 supremae
455 3331 638 3408 praescripta
661 3329 696 3390 ad
710 3329 842 3390 'candida
865 3330 953 3390 calcis

130 3419 261 3478 currenti
284 3420 410 3496 spatium
432 3425 648 3499 praemonstra,
671 3416 773 3480 callida
797 3436 881 3479 musa

340 3503 396 3583 [56
416 3505 472 3585 sq]
488 3534 529 3556 =
545 3505 587 3570 98
607 3525 649 3587 sq.
669 3500 728 3591 (90
747 3499 813 3591 sq).
