2484 3800
171 133 257 188 XLVI
533 132 808 187 PROLEGOMENA

167 278 343 359 primordie
374 295 489 340 rerum
521 278 579 350 00.
611 296 721 341 cotem
747 280 809 340 Lm.
837 279 867 339 B.
897 276 983 358 13333
1009 279 1106 340 Giuss.
1134 313 1189 322 —

173 367 236 430 716
255 367 334 448 inde,
352 367 451 446 philol.
469 366 545 426 XXV
559 365 614 429 68:
633 366 668 429 in
687 370 714 429 te
732 368 789 438 00.
807 365 892 429 iuius
904 367 967 427 Lm.
985 365 1021 429 in
1037 384 1069 429 33
1087 367 1119 426 Β.
1134 401 1189 410 -

173 454 235 519 718
254 453 353 531 10333,
377 456 455 534 quod
472 453 579 533 hisque
598 459 717 535 scripsit
734 456 820 516 Boos.
839 459 870 516 in
889 455 1127 517 annotationibus
1142 456 1184 514 ad

171 545 202 604 L.
221 551 388 622 poematum
402 543 494 603 libros
508 551 569 604 tres
583 547 708 624 priores,
722 564 749 624 p.
764 541 821 605 43:
840 543 962 607 eadem
974 542 1055 606 ratio
1069 542 1185 605 303133-

171 631 274 693 minat
293 633 403 694 33303
420 627 490 710 <res
509 680 515 692 .
531 679 537 692 .
553 679 559 691 .
575 679 581 692 .
597 630 639 711 .>:
661 629 710 694 103
732 631 883 711 quaedum
906 627 1048 715 (quidem
1069 626 1182 715 Q)...

173 720 231 791 00.
254 718 310 796 103,
334 718 485 798 quaedam
577 719 684 781 omnio
702 720 772 796 Lm,
795 717 904 781 iterum
925 724 957 781 in
980 721 1083 781 eadem
1105 739 1182 780 voce

172 828 307 889 peccans,
330 809 365 869 31.
383 809 396 868 1
417 805 511 889 1092,
533 815 566 868 ut
590 811 679 869 etiam
699 809 795 888 Bern,
818 812 870 888 qui
888 809 936 868 hic
954 826 1070 888 quoque
1090 826 1184 869 omne

173 897 287 977 scribit,
320 896 356 957 31.
384 916 411 975 p.
438 896 486 956 Xl.
518 913 630 958 eures
658 896 739 960 ratio
766 895 960 959 disterminat
987 895 1088 957 33303
1114 897 1181 976 Mn,

172 985 278 1046 melius
310 984 451 1045 Lambino
476 984 663 1046 ...endem
698 984 779 1046 ratio
814 1002 863 1047 res
900 983 1046 1046 terminat
1074 1001 1183 1046 omues

172 1073 333 1154 scribente,
356 1091 424 1133 nam
448 1073 655 1134 disterminare
677 1074 799 1135 verbum
824 1082 870 1134 est
892 1073 1119 1134 Ciceronianum
1143 1093 1181 1133 er

172 1163 287 1222 Arateis
309 1161 322 1221 I
344 1157 395 1221 44.
436 1160 562 1239 probant
588 1169 686 1222 tamen
709 1162 798 1223 Goeb.
822 1168 934 1240 quaest.
956 1181 984 1240 p.
1010 1158 1048 1221 11
1074 1160 1181 1242 3129,

172 1250 269 1310 Giuss.
282 1283 327 1292 —
356 1249 366 1327 11
385 1247 448 1311 723
466 1247 476 1328 ΙΙ
512 1249 626 1310 Gneiss.
645 1250 714 1311 diss.
733 1270 762 1329 p.
780 1246 940 1312 54-731
959 1246 1059 1311 311333
1075 1267 1180 1328 quem-

170 1336 218 1399 oc's
240 1355 318 1414 quoe
339 1339 413 1397 3331
432 1335 551 1398 incluto
572 1334 699 1399 colorem
716 1338 816 1399 Lamb.
840 1339 875 1398 31.
893 1337 993 1416 philol.
1011 1337 1103 1397 XXVI
1122 1337 1179 1400 68:

172 1444 229 1503 que
254 1427 328 1485 3331
351 1422 460 1485 inbuto
482 1422 576 1486 colore
594 1425 653 1496 OQ.
693 1443 752 1504 333
773 1423 976 1488 3331131313
997 1423 1093 1487 colore
1115 1426 1178 1487 Lm.

171 1513 203 1573 B.
226 1531 304 1592 quoe
325 1515 398 1573 3331
418 1509 536 1574 inmoto
557 1511 691 1575 colorem.
710 1548 754 1558 -
774 1513 836 1577 738
856 1534 918 1593 sqq.
941 1532 1010 1575 cem
1027 1512 1180 1594 caeeiqem'

260 1603 445 1680 eoqooseaot
472 1619 599 1678 corpora
630 1604 723 1677 13313,
754 1620 793 1664 etc
822 1601 945 1664 ineunte
975 1620 1060 1678 3333,
1092 1600 1179 1664 nullo

172 1688 332 1752 coniuncto
358 1686 464 1765 colore,
492 1689 590 1768 philol.
618 1690 695 1749 XXV
718 1689 769 1753 68.
813 1690 860 1751 bis
888 1690 1021 1770 distinxi,
1043 1709 1082 1750 ne
1110 1694 1179 1770 quis

172 1786 273 1857 postea
300 1778 371 1837 haec
401 1779 441 1838 ita
469 1780 615 1856 acciperat
641 1787 675 1839 ut
696 1779 766 1839 Poll.
795 1778 894 1858 philol.
916 1778 993 1839 XXV
1015 1775 1081 1839 324
1108 1780 1180 1840 13311

173 1874 222 1928 331
244 1873 277 1927 31
294 1865 493 1926 Hoerschelm.
518 1866 660 1928 observat.
683 1886 711 1948 p.
733 1864 764 1928 4.
806 1869 977 1947 saetigeros
996 1867 1068 1928 dicit
1090 1875 1178 1948 poeta

172 1955 240 2015 inde
267 1974 284 2014 a
311 1958 412 2033 pueris
439 1973 562 2033 corpora
588 1963 669 2016 tactu
696 1975 886 2035 cognoscere,
919 1957 1046 2017 colorem
1073 1958 1105 2016 in
1134 1960 1179 2016 eis

173 2061 231 2103 non
255 2061 445 2120 cognoscere:
467 2043 514 2103 his
537 2046 627 2122 igitur
649 2062 698 2104 res
721 2052 791 2105 suut
813 2046 877 2104 sine
900 2044 1011 2125 colore,
1036 2050 1069 2104 ut
1090 2045 1178 2105 nobis

173 2150 299 2211 quoque,
322 2131 502 2191 intenebris
522 2134 548 2191 si
568 2150 679 2213 sumus,
702 2134 737 2193 ci.
756 2152 781 2193 v.
803 2128 865 2193 743
885 2151 927 2211 33.
947 2132 1040 2193 Bentl.
1058 2151 1178 2193 versum
1240 2159 1241 2164 ¹

172 2219 255 2280 illum
277 2226 344 2298 post
368 2216 431 2280 745
456 2214 534 2302 (748
553 2214 630 2303 Lm.)
654 2223 749 2299 ponit:
773 2239 829 2299 qua
847 2223 1075 2299 transpositione
1099 2222 1177 2281 resu-

172 2315 232 2368 tata
255 2316 321 2369 ante
344 2327 369 2367 v.
394 2304 458 2370 746
481 2308 584 2368 lacuna
606 2308 676 2368 hiat.
714 2309 840 2368 eundem
858 2326 977 2368 versum
1000 2311 1088 2368 etiam
1111 2317 1179 2390 post

173 2415 204 2456 33
230 2396 338 2455 habere
360 2395 494 2455 lacunam
512 2398 570 2455 iam
592 2415 680 2474 supra
699 2396 794 2476 docui,
812 2415 840 2474 p.
855 2394 931 2455 XXV
949 2444 956 2456 .
971 2444 999 2457 ..
1018 2399 1048 2457 ei
1063 2396 1178 2458 omnis:

173 2485 220 2545 iro
243 2482 342 2545 33303
359 2482 436 2543 Flor.
456 2480 507 2562 31,
530 2502 573 2561 vg.
592 2515 637 2526 -
656 2482 719 2545 782
742 2490 845 2547 eet-ra
868 2484 926 2554 00.
944 2484 976 2545 B.
994 2484 1047 2544 Mr.
1070 2483 1179 2546 333103
1239 2525 1240 2572 t

173 2571 248 2651 Lm,
286 2574 430 2631 sententia
466 2572 524 2631 non
560 2579 723 2650 perspecta.
756 2604 798 2614 -
830 2579 897 2650 post
930 2571 994 2634 784
1024 2576 1179 2651 perierunt

172 2678 285 2735 versus,
300 2659 407 2737 quibus
421 2658 450 2718 id
465 2659 698 2720 demonstratum
712 2661 775 2736 fuit,
792 2659 827 2720 ad
842 2660 920 2738 quod
935 2662 966 2720 in
980 2680 1023 2720 vv.
1040 2658 1105 2724 785
1115 2680 1178 2740 sqq.

173 2753 202 2807 31
226 2744 289 2807 792
314 2766 376 2825 sqq.
404 2750 562 2825 respicitur
659 2766 703 2807 vv.
727 2745 1053 2830 817-825s11sem,
1077 2749 1177 2828 philol.
1238 2791 1239 2796 .

172 2834 248 2895 XXV
276 2832 318 2895 70
342 2854 384 2913 33.
413 2844 462 2894 aut
489 2842 556 2914 post
579 2831 644 2898 794
670 2843 720 2895 aut
747 2843 815 2914 post
839 2834 900 2898 787
927 2836 1065 2897 collocari
1087 2837 1178 2898 iubet.

171 2956 216 2965 -
239 2919 302 2985 333
325 2919 461 3001 refoqet
480 2922 537 2994 oo.
557 2923 609 2983 nr.
632 2921 758 3003 reque
777 2924 839 2983 nm.
858 2924 889 2984 u.
910 2925 945 2985 er.
964 2944 992 3003 p.
1013 2924 1111 2985 xxiv.
1134 2959 1179 2969 -
1238 2899 1240 2922 ’

173 3007 236 3073 808
255 3028 333 3089 quoe
345 3008 407 3071 3113
420 3009 609 3074 3330333331
621 3010 736 3073 circum
749 3009 915 3090 mitemque
928 3015 1059 3088 coronet,
1078 3013 1177 3092 philol.

172 3098 247 3159 XXV
271 3096 325 3160 73¹:
347 3097 473 3160 cervices
571 3099 629 3171 00.
653 3100 718 3161 edd.
741 3135 783 3143 -
807 3098 872 3162 810
894 3097 1177 3182 333Μο133333

172 3206 231 3248 non
255 3186 381 3265 quodam
404 3206 507 3267 sensu,
530 3195 563 3248 ut
586 3189 625 3270 id,
649 3188 685 3249 de
709 3208 766 3268 quo
789 3187 945 3249 Lucretius
967 3185 1092 3250 17430
1115 3209 1176 3269 333.

172 3276 253 3356 dicit,
271 3275 322 3336 sed
340 3276 465 3354 quodam
484 3275 604 3336 luminis
623 3280 698 3358 ictu,
715 3296 741 3337 v.
757 3272 829 3339 814.
863 3280 955 3338 sensit
973 3279 1077 3338 vitium
1095 3277 1176 3338 Bkm.
1236 3293 1237 3302 ¹

172 3365 223 3424 sed
247 3382 314 3423 cum
337 3380 458 3425 3333033
481 3367 608 3445 scripsit,
632 3384 692 3426 non
716 3367 920 3426 33333311.-
943 3364 1006 3427 826
1030 3372 1178 3428 aoetmm

173 3446 317 3551 (3313333)
335 3452 446 3513 Wakei.
470 3452 559 3513 Goeb.
583 3460 695 3532 quaest.
714 3453 829 3514 Lucret.
852 3471 880 3532 p.
897 3451 946 3514 13.
976 3453 1042 3514 Mn:
1065 3471 1177 3515 aurum
