2484 3800
437 853 478 938 Τ.
503 851 729 938 nudandi
761 850 885 937 OARI

297 1005 388 1102 DE
433 1004 687 1103 RERUM
731 1003 1029 1103 NATURA

464 1176 597 1242 amna
621 1175 859 1243 suouunus.

212 1464 319 1544 Saeve,
341 1465 417 1523 mari
438 1480 543 1540 magno
566 1460 753 1523 turbantibus
777 1481 905 1542 aequora
927 1466 1025 1525 ventis

212 1570 228 1611 e
251 1559 331 1611 terra
353 1568 492 1628 magnum
515 1550 636 1611 alterius
660 1557 793 1629 spectare
816 1550 959 1633 laborem3

212 1657 272 1700 non
295 1640 364 1718 quia
386 1639 487 1698 vexari
510 1645 715 1717 quemquamst
737 1640 865 1699 iucunda
887 1640 1036 1721 voluptas,

213 1726 266 1787 sed
289 1725 397 1805 quibus
419 1728 483 1804 ipse
506 1726 590 1787 malis
613 1744 714 1787 careas
737 1729 805 1805 quia
827 1746 951 1789 cernere
975 1736 1105 1790 suavest.

178 1824 194 1872 5
214 1833 301 1875 suave
325 1816 413 1875 etiam
435 1813 506 1873 belli
528 1816 688 1874 certamina
709 1832 814 1893 magna
837 1818 916 1875 tueri
1163 1833 1177 1873 e

212 1922 267 1983 per
289 1920 408 1981 campos
430 1903 588 1984 instructa,
610 1911 662 1964 tua
684 1906 747 1963 siue
770 1910 853 1982 parte
876 1904 994 1983 pericli:
1164 1921 1177 1965 ⁵

213 1991 266 2052 sed
288 1991 331 2050 nil
353 1989 469 2050 dulcius
493 1998 551 2071 est,
572 1991 649 2051 bene
673 2009 759 2070 quam
782 1994 896 2053 munite
918 2000 1022 2054 tenere

213 2079 291 2140 edita
313 2078 447 2138 doctrina
470 2080 637 2157 sapientum
659 2079 767 2158 templa
790 2097 908 2160 serena,

212 2167 366 2246 despicere
388 2165 466 2227 unde
490 2185 580 2245 queas
603 2166 676 2227 aiios
697 2169 866 2247 passimque
889 2167 990 2228 videre

161 2264 194 2312 10
213 2274 314 2316 errare
338 2262 424 2333 atque
447 2256 523 2314 viam
545 2254 671 2333 palantis
694 2272 835 2333 quaerere
858 2257 948 2338 vitae,

213 2352 326 2404 certare
349 2344 482 2422 ingenio,
505 2342 683 2402 contendere
706 2340 871 2423 nobilitate,

212 2439 315 2493 noctes
338 2439 424 2509 atque
448 2429 512 2490 dies
534 2432 590 2490 niti
611 2437 778 2507 praestante
802 2428 901 2490 labore

213 2519 249 2581 ad
273 2537 402 2580 summas
425 2535 577 2597 emergere
600 2534 671 2595 opes
694 2535 852 2596 rerumque
876 2522 974 2597 potiri.

213 2626 230 2667 o
253 2610 378 2668 miseras
400 2606 554 2665 bominum
575 2611 703 2684 mentes,
727 2624 743 2664 o
766 2613 887 2684 pectora
910 2605 1010 2667 caeca!

161 2704 194 2753 15
213 2694 349 2774 qualibus
372 2696 403 2753 in
426 2693 557 2753 tenebris
579 2694 655 2751 vitae
679 2694 854 2771 quantisque
876 2693 998 2772 periclis

212 2784 330 2861 degitur
352 2781 408 2842 boc
432 2782 495 2840 aevi
518 2777 764 2858 quodcumquest!
800 2798 898 2841 nonne
921 2781 1024 2842 videre

212 2871 255 2932 nil
277 2869 355 2931 aliud
379 2867 437 2928 sibi
460 2875 593 2927 naturam
615 2867 735 2948 latrare,
758 2868 817 2926 nisi
840 2871 925 2947 utqui

212 2976 336 3038 corpore
360 2958 512 3016 seiunctus
535 2953 619 3014 dolor
641 2953 730 3035 absit,
752 2973 894 3035 mensque
918 2956 1036 3019 truatur

213 3045 341 3109 iucundo
365 3061 467 3123 sensu,
491 3060 562 3102 cura
584 3049 697 3101 semota
719 3041 880 3121 metuque?

159 3144 194 3193 20
212 3154 282 3214 ergo
305 3149 479 3211 corpoream
502 3129 539 3189 ad
561 3136 695 3189 naturam
717 3147 810 3208 pauca
832 3131 966 3192 videmus

212 3243 277 3286 esse
302 3239 377 3301 opus
397 3221 530 3298 omnino,
553 3236 628 3297 quae
651 3219 770 3279 demant
792 3236 917 3298 cumque
941 3219 1090 3284 dolorem.

212 3313 333 3374 delicias
357 3326 475 3387 quoque
497 3308 542 3367 uti
564 3306 672 3367 multas
696 3307 884 3368 substernere
908 3312 1040 3393 possint,

212 3404 324 3481 gratius
348 3396 511 3475 interdum,
534 3413 630 3474 neque
653 3404 757 3457 natura
780 3397 844 3474 ipsa
867 3399 1009 3480 requirit,

212 3493 320 3553 sinon
344 3503 433 3548 aurea
457 3489 527 3544 sunt
548 3486 688 3545 iuvenum
711 3483 868 3546 simulacra
889 3504 944 3566 per
967 3488 1061 3552 aedes
