2484 3800
153 196 217 261 164
636 194 663 248 V

152 343 287 410 nobilia
310 359 426 421 quoque
449 341 686 420 expergefactum
708 349 797 420 caput
818 342 934 417 erigere
957 340 1034 419 infit,

240 449 277 491 00
300 448 374 508 0000
398 430 473 490 10110
496 429 583 489 deum
606 429 692 489 nobis
715 432 849 489 inmensa
871 434 1002 506 potestas

239 521 291 598 sit,
313 520 393 578 vario
416 524 498 578 motu
521 535 594 595 quae
618 517 742 578 candida
764 517 862 577 sidera
884 521 994 575 verset:
1098 538 1159 577 raro

238 613 361 685 temptat
383 608 463 666 enim
485 604 602 666 dubiam
626 613 755 665 mentem
778 605 902 665 rationis
924 609 1054 683 egestas,

152 702 226 753 1210
240 711 417 773 ecquaenam
440 694 529 755 fuerit
551 692 655 753 mundi
676 691 812 771 genitalis
836 694 932 770 origo,

152 798 221 849 1200
239 789 269 842 et
291 781 378 842 simrd
401 799 509 860 ecquae
533 782 572 840 sit
594 781 675 860 finis,
699 780 793 859 quoad
817 780 933 841 moenia
954 778 1059 839 mundi

239 869 357 930 solliciti
378 876 476 929 motus
497 868 576 928 bunc
598 870 714 947 possint
736 869 814 928 ferre
836 867 980 946 laborem,

239 975 276 1019 an
298 957 439 1017 divinitus
462 962 580 1016 aeterna
603 956 709 1017 donata
733 956 826 1016 salute
1100 977 1159 1017 1215

238 1053 380 1125 perpetuo
402 1046 518 1123 possint
540 1046 603 1104 0001
626 1042 753 1105 labentia
774 1050 872 1104 tractu

151 1141 225 1192 1215
237 1135 365 1194 inmensi
386 1132 495 1192 validas
517 1134 581 1192 0001
603 1138 792 1192 contemnere
816 1134 896 1191 viris.

153 1238 221 1288 1200
239 1218 391 1301 praeterea
413 1223 462 1281 cui
483 1238 543 1280 nou
565 1222 680 1280 animus
703 1218 860 1280 formidine
883 1219 983 1279 divum

240 1308 435 1387 contrahitur,
458 1310 507 1368 cui
529 1325 588 1367 non
610 1314 770 1386 correpunt
792 1305 925 1367 membra
946 1323 1069 1386 pavore,

240 1396 370 1458 fulminis
393 1395 528 1455 horribili
550 1414 618 1456 cum
640 1395 724 1474 plaga
745 1394 858 1455 torrida
880 1393 967 1454 tellus
1102 1417 1159 1457 nso

240 1486 397 1546 contremit
418 1491 448 1545 et
469 1501 607 1561 magnum
629 1490 807 1561 percurrunt
829 1500 980 1542 murmura
1003 1479 1143 1543 caelum?

152 1580 228 1633 1220
239 1591 298 1634 000
320 1572 421 1651 populi
444 1579 604 1651 gentesque
628 1578 771 1651 tremunt,
794 1588 938 1649 regesque
961 1570 1084 1648 superbi

155 1678 223 1727 1210
241 1662 406 1738 corripiunt
428 1660 527 1720 divum
550 1661 683 1737 percussi
705 1657 837 1720 membra
859 1660 979 1738 timore,

240 1747 349 1826 nequid
373 1746 410 1807 ob
433 1746 594 1807 admissum
617 1746 701 1807 foede
724 1747 871 1807 dictumve
895 1744 1023 1824 superbe

240 1853 403 1916 poenarum
420 1852 506 1913 grave
530 1837 568 1895 sit
591 1834 724 1895 solvendi
745 1841 862 1914 tempus
885 1830 1040 1895 adultum?
1104 1857 1157 1898 000

242 1942 354 1985 summa
378 1926 466 1984 etiam
489 1942 556 1985 cum
578 1926 622 1985 vis
645 1923 765 1984 violenti
786 1942 841 2003 per
863 1941 943 1983 mare
966 1925 1047 1983 venti

154 2020 232 2076 1226
241 2012 479 2091 induperatorem
502 2010 590 2072 classi
612 2030 703 2090 super
725 2029 853 2090 aequora
875 2013 967 2071 verrit

155 2119 309 2167 12100010
330 2099 434 2160 validis
456 2101 567 2179 pariter
589 2099 754 2178 legionibus
777 2106 864 2178 atque
888 2097 1066 2180 elephantiS,

240 2207 300 2249 non
324 2188 421 2249 divom
442 2205 544 2266 pacem
566 2191 643 2247 00110
666 2187 726 2247 adit
748 2206 782 2247 ac
804 2205 893 2266 preco
918 2189 1033 2266 quaesit

240 2284 394 2337 ventorum
415 2274 538 2355 pavidus
559 2293 647 2353 paces
670 2277 840 2353 animasque
863 2275 1021 2355 secundas,
1104 2299 1158 2339 1000

241 2366 433 2444 nequiquam,
456 2365 593 2441 quoniam
615 2362 743 2422 violento
766 2362 884 2423 turbiue
908 2381 995 2441 saepe

154 2459 393 2530 123ocorreptus
417 2449 476 2510 nilo
499 2450 593 2511 fertur
615 2453 714 2511 minus
737 2451 773 2510 ad
796 2450 868 2510 vada
890 2448 965 2510 leti?

155 2556 223 2606 1220
242 2557 336 2618 usque
359 2539 431 2599 adeo
454 2556 503 2598 res
525 2537 667 2598 humanas
690 2540 734 2597 vis
757 2536 855 2598 abdita
878 2537 1021 2616 quaedam

241 2629 350 2707 opterit
372 2634 401 2687 01
422 2624 562 2705 pulchros
584 2626 672 2686 lascis
695 2644 855 2705 saevasque
878 2644 998 2686 secures

241 2701 411 2794 proculcare
435 2733 469 2774 ac
491 2712 619 2774 ludibrio
644 2713 702 2774 sibi
723 2713 832 2774 babere
855 2713 979 2774 ridetur.
1105 2738 1156 2778 raas

241 2803 368 2882 danique
392 2801 446 2879 sub
469 2800 594 2880 pedibus
617 2801 705 2862 tellus
729 2819 796 2861 cum
818 2808 879 2862 tota
901 2800 1016 2861 vacillat

154 2898 229 2950 1235
240 2908 458 2969 concussaeque
481 2889 589 2950 cadunt
611 2889 701 2949 nrbes
726 2889 890 2969 dubiaeque
913 2891 1076 2970 minantur,

155 2979 312 3058 nmquid
336 2979 457 3058 mirum,
480 2979 506 3037 01
529 2995 560 3036 00
582 2983 718 3037 temnunt
741 2976 873 3037 mortalia
898 2977 993 3037 saecla

241 3075 329 3147 atque
351 3067 506 3145 potestatis
528 3083 648 3144 magnas
671 3068 819 3144 mirasque
842 3063 1015 3160 0011000001

241 3157 273 3214 10
295 3152 385 3213 rebus
407 3155 478 3212 viris
501 3153 613 3233 divum,
638 3172 711 3232 quae
735 3159 840 3213 cuncta
863 3149 1049 3230 gubernent?
1106 3177 1159 3217 raso

286 3240 369 3312 Quod
380 3247 523 3320 superest,
534 3258 583 3301 000
591 3248 679 3319 01000
687 3259 790 3306 aurum
798 3240 969 3320 ferrumque
977 3248 1159 3320 repertumst

154 3336 229 3388 1040
243 3335 273 3390 01
295 3326 383 3387 simul
406 3329 520 3404 argenti
541 3328 657 3406 pondus
680 3328 852 3407 plumbique
874 3337 1019 3410 potestas,

156 3417 319 3494 12οο10010
343 3413 395 3474 ubi
417 3416 529 3491 ingenti
553 3413 640 3474 silvas
663 3416 768 3476 ardore
792 3424 937 3477 cremarat

242 3500 391 3562 montibus
414 3503 446 3559 iu
469 3504 595 3581 magnis,
619 3521 672 3564 seu
695 3503 768 3564 caeli
790 3503 911 3566 fulmine
935 3507 1041 3588 misso,
