2484 3800
178 158 241 221 122
664 154 703 208 IV

248 313 277 365 et
300 306 437 383 quoniam
460 321 519 363 non
542 310 589 363 est
612 305 696 380 quasi
718 302 797 381 quod
820 301 970 362 suffulciat
992 307 1084 380 artus,
1147 320 1186 360 eso
1236 303 1237 380 t

248 391 343 453 debile
367 392 400 451 tit
423 408 543 471 corpus,
566 390 818 469 languescuntque
841 392 940 449 omnia
964 388 1109 468 membra,
1236 423 1237 466 3

248 480 386 540 bracchia
407 478 624 558 palpebraeque
648 478 768 558 cadunt,
791 477 977 557 poplitesque
1000 473 1150 556 †cnbanti
1236 499 1237 524 9

176 586 233 636 969
247 586 334 648 saepe
358 576 455 628 tamen
479 570 702 628 summittuntur
724 568 855 645 virisque
878 565 1037 626 resolvunt.
1236 573 1237 636 ζ

178 674 228 723 936
248 656 353 717 deinde
377 656 476 716 cibum
499 657 634 734 sequitur
659 672 793 734 somnus,
821 657 902 734 quia,
930 672 1005 733 quae
1028 655 1097 714 iacit
1120 657 1186 731 aer,

247 744 320 804 haec
343 744 444 804 eadem
467 742 564 824 cibus,
587 745 618 802 in
641 760 731 803 venas
753 743 824 803 dum
847 742 960 802 diditur
983 744 1090 821 omnis,
1147 760 1186 801 aaa

248 833 346 893 elficit.
383 839 413 892 et
435 831 527 892 multo
550 849 640 910 sopor
662 830 711 891 ille
735 833 927 909 gravissimus
949 837 1058 910 exstat,

248 939 337 1000 quem
359 927 441 981 satur
463 926 514 979 aut
535 919 631 980 lassus
654 922 766 999 capias,
789 922 857 997 quia
879 918 1008 997 plurima
1030 927 1093 978 tum
1116 936 1149 978 se
1236 981 1237 988 χ

177 1024 232 1076 956
248 1028 371 1088 corpora
395 1007 571 1068 conturbant
591 1025 697 1085 magno
721 1014 843 1068 contusa
865 1006 975 1067 labore.

178 1116 230 1164 940
248 1099 282 1158 iit
303 1100 416 1157 ratione
439 1096 542 1156 eadem
564 1098 716 1156 coniectus
739 1098 846 1174 partim
868 1097 978 1156 animai

250 1186 348 1264 altior,
371 1191 457 1263 atque
481 1185 559 1244 ioras
582 1186 695 1244 eiectus
718 1183 828 1261 largior
850 1186 928 1264 eius,
1145 1204 1184 1243 seo

249 1281 279 1334 et
302 1273 423 1333 divisior
445 1274 524 1332 inter
547 1290 578 1331 se
597 1290 631 1331 ac
654 1272 823 1332 distractior
844 1274 925 1333 intus

673 1379 690 1416 ³l1

293 1447 331 1508 Et
354 1466 411 1527 quo
435 1449 559 1527 quisque
583 1447 645 1507 lere
669 1447 766 1508 studio
790 1447 943 1508 devinctus
966 1447 1119 1528 adhaeret,

179 1554 235 1604 969
250 1544 300 1598 aut
323 1536 430 1616 quibus
453 1538 485 1596 in
508 1535 598 1597 rebus
620 1536 745 1596 multum
769 1554 872 1596 sumus
895 1544 963 1596 ante
985 1538 1094 1596 morati

180 1642 231 1692 946
250 1632 336 1704 atque
359 1627 390 1684 in
414 1642 448 1684 ea
470 1626 583 1685 ratione
607 1623 663 1685 fuit
685 1631 822 1683 contenta
844 1626 938 1702 magis
960 1642 1058 1705 mens,

250 1716 282 1773 in
306 1714 418 1772 somnis
440 1712 545 1772 eadem
564 1711 739 1791 plerumque
761 1712 896 1771 videmur
918 1711 1014 1771 obire:
1146 1733 1183 1774 aer

251 1800 393 1861 causidici
416 1818 518 1860 causas
541 1818 627 1878 agere
651 1807 680 1860 et
702 1818 878 1879 componere
902 1799 995 1880 leges,

251 1889 475 1968 induperatores
497 1906 629 1968 pugnare
652 1907 686 1949 ac
708 1887 820 1968 proelia
842 1887 939 1969 obire,

181 1996 235 2045 966
252 1985 357 2039 nautae
381 1984 564 2038 contractum
588 1995 654 2038 cum
677 1980 774 2038 ventis
797 1977 905 2056 degere
928 1976 1074 2057 duellum,

182 2083 233 2132 969
252 2085 306 2126 nos
330 2084 416 2145 agere
439 2065 495 2126 hoc
518 2072 616 2126 autem
640 2072 668 2125 et
691 2072 825 2125 naturam
849 2083 991 2144 quaerere
1015 2083 1117 2126 rerum

252 2173 369 2234 semper
392 2161 422 2214 et
443 2156 590 2214 inventam
613 2155 717 2232 patriis
740 2171 888 2232 exponere
911 2153 1030 2214 chartis.
1148 2170 1192 2216 uo·

252 2251 350 2305 cetera
374 2245 416 2303 sic
440 2242 536 2303 studia
559 2248 646 2319 atque
669 2249 748 2301 artes
770 2240 945 2321 plerumque
966 2241 1107 2302 videntur

251 2335 284 2392 in
307 2333 417 2392 somnis
441 2332 554 2390 animos
577 2331 729 2389 hominum
752 2329 891 2389 frustrata
912 2337 1023 2389 tenere.

181 2437 236 2488 970
253 2428 282 2481 et
305 2422 483 2499 quicumque
506 2418 569 2478 dies
592 2417 700 2478 multos
723 2437 758 2477 ex
783 2418 886 2478 ordine
909 2417 987 2477 ludis

182 2526 233 2576 956
253 2509 389 2569 adsiduas
412 2507 558 2566 dederunt
580 2523 698 2586 operas,
720 2505 894 2585 plerumque
916 2505 1064 2586 videmus,

253 2615 320 2658 cum
342 2599 400 2656 iam
423 2595 601 2656 destiterunt
623 2612 656 2653 ea
680 2593 817 2654 sensibus
840 2612 997 2674 usurpare,
1149 2616 1189 2656 ere

252 2685 378 2745 relicuas
400 2690 499 2743 tamen
522 2700 587 2742 esse
610 2684 672 2741 vias
695 2684 727 2741 in
749 2689 847 2742 mente
870 2683 1011 2761 patentis,

254 2792 310 2852 qua
332 2775 448 2851 possint
470 2770 571 2830 eadem
593 2788 695 2830 rerum
718 2769 873 2830 simulacra
896 2772 1011 2830 venire:

182 2877 237 2929 975
250 2880 304 2940 per
327 2860 434 2920 multos
458 2861 556 2937 itaque
579 2857 628 2918 illa
652 2858 715 2918 dies
738 2859 840 2918 eadem
864 2857 1058 2918 obversantur

183 2967 234 3016 999
254 2956 320 3010 ante
345 2947 459 3028 oculos,
482 2949 570 3007 etiam
593 2945 746 3024 vigilantes
769 2953 803 3007 ut
824 2946 979 3006 videantur

254 3055 375 3097 cernere
399 3035 532 3096 saltantis
555 3041 585 3094 et
607 3033 706 3094 mollia
729 3035 860 3095 membra
882 3035 1040 3114 moventis,
1151 3057 1192 3098 seo

254 3132 284 3185 et
307 3125 435 3184 citharae
458 3123 603 3203 liquidnm
626 3141 745 3183 carmen
768 3123 951 3201 chordasque
974 3122 1123 3199 loquentis

255 3210 375 3273 auribus
398 3214 544 3292 accipere,
567 3218 597 3272 et
620 3229 792 3272 consessum
815 3229 939 3272 cernere
961 3210 1089 3271 eundem

184 3318 240 3369 980
254 3301 412 3377 scenaique
436 3299 524 3360 simul
546 3302 643 3359 varios
666 3299 821 3379 splendere
847 3299 978 3361 decores.

185 3407 236 3455 966
255 3405 349 3467 usque
373 3387 445 3446 adeo
468 3389 566 3466 magni
588 3389 679 3448 refert
702 3388 832 3450 studium
855 3395 943 3467 atque
966 3387 1114 3469 voluptas,

255 3483 285 3537 et
308 3475 415 3555 quibus
439 3476 468 3534 in
492 3475 580 3535 rebus
605 3479 776 3537 consuerint
798 3495 863 3537 esse
887 3479 1001 3556 operati
1155 3498 1194 3540 eae
