2484 3800
544 170 557 223 1
939 218 943 224 .
1012 129 1061 233 13'

32 320 90 372 435
109 317 252 393 augmine
275 315 323 375 rel
344 316 448 394 grandi
470 315 517 377 vel
539 334 630 395 parvo
654 317 795 398 denique,
818 317 889 378 dum
911 309 963 399 s'it3
1012 330 1052 371 ⁴³⁶

109 406 163 464 cui
186 406 214 464 si
236 410 333 464 00οῐ00
356 407 414 465 erit
438 407 571 483 quamvis
593 405 666 465 levis
690 408 886 486 exiguusque,
1011 420 1053 460 ⁴⁸4

33 500 89 549 430
111 494 249 571 eorporis
272 491 392 571 augebit
412 511 572 554 numerum
595 512 797 572 summamque
821 501 974 573 sequetur:

111 582 161 640 sin
183 579 316 641 intactile
340 583 410 661 erit,
432 580 512 642 nulla
535 581 572 642 de
595 588 679 661 parte
703 582 779 661 quod
803 581 893 644 ullam

111 687 178 729 rem
200 667 360 748 probibere
384 676 471 748 queat
493 688 548 749 per
570 688 603 730 se
625 672 753 731 transire
776 678 936 753 meantem,

113 756 321 838 seilicet‚'hoo
343 756 373 816 id
397 759 468 839 erit,
489 777 614 819 vacuum
638 758 715 837 quod
738 761 826 819 inane
848 778 994 821 vocamus.

34 852 94 903 440
112 852 268 924 praeterea
289 862 344 924 per
367 863 399 905 se
421 846 499 925 quod
518 864 644 926 cumque
664 850 735 927 erit,'
753 854 803 908 aut
821 848 907 909 laciet
926 848 995 927 quid
1011 863 1050 903 440

35 939 92 988 430
113 940 164 994 aut
186 933 253 993 aliis
276 933 360 1011 iungi
383 933 503 994 debebit
525 934 679 1013 agentibus
702 937 813 1018 ipsum,

113 1029 164 1082 aut
186 1023 245 1082 erit
266 1028 301 1081 ut
322 1024 439 1100 possint
461 1024 492 1082 in
515 1040 550 1082 eo
572 1041 623 1083 res
646 1041 712 1084 esse
736 1027 871 1102 gerique:

114 1112 144 1170 ai
166 1110 264 1170 faeere
287 1116 318 1170 et
339 1110 422 1188 iungi
445 1112 509 1171 sine
533 1128 656 1190 corpore
679 1110 758 1172 nulla
780 1118 963 1194 pollestres,

113 1216 170 1259 000
191 1196 335 1278 praebere
357 1198 456 1259 locum
476 1217 566 1277 porro
588 1201 648 1259 nisi
669 1201 757 1259 inane
779 1218 952 1279 vacansque.

38 1294 95 1343 440
113 1284 198 1367 ergo,
220 1293 339 1365 praeter
361 1289 449 1347 inane
471 1293 502 1347 et
524 1304 661 1368 corpora,
683 1288 770 1348 tertia
792 1306 846 1367 per
869 1306 901 1349 00
1009 1300 1050 1343 uc

40 1382 95 1431 440
113 1373 195 1437 nulla
217 1381 317 1453 potest
338 1392 439 1435 rerum
461 1376 493 1434 in
515 1393 640 1435 numero
662 1382 767 1436 natura
789 1376 932 1458 relinqui,

112 1457 170 1524 nec
193 1481 268 1541 0000
291 1462 346 1523 001)
370 1481 476 1524 000000
499 1463 584 1523 cadat
604 1462 665 1524 ullo
687 1471 820 1543 tempore
843 1473 974 1546 nostros,

72 1598 76 1602 .
112 1570 171 1612 000
193 1553 308 1612 ratione
330 1553 421 1612 animi
444 1570 532 1630 quam
554 1554 711 1631 quisquam
733 1555 829 1631 possit
851 1556 951 1633 apisci.

159 1638 233 1701 Nam
256 1658 331 1719 0000
352 1658 479 1719 cumque
497 1640 606 1722 cluent,
629 1648 679 1701 aut
695 1640 742 1701 his
761 1644 918 1703 coniuncta
935 1642 1049 1704 duabus

42 1736 98 1787 450
110 1726 204 1789 rebus
226 1746 261 1789 ea
273 1731 417 1789 invenies
439 1735 490 1789 aut
510 1730 616 1789 harum
639 1735 743 1790 eventa
764 1729 885 1791 ridebis.
990 1746 1049 1787 ·aoo

42 1824 94 1873 440
114 1819 306 1878 coniunctum
330 1817 427 1879 estid
451 1817 529 1896 quod
552 1835 699 1896 nusquam
722 1820 787 1878 sine
809 1818 964 1898 perniciali

114 1905 242 1966 discidio
264 1907 344 1984 potis
367 1914 413 1967 est
435 1909 553 1985 seiungi
575 1925 667 1986 seque
690 1909 818 1989 gregari3

112 1993 231 2074 pondus
254 1996 299 2054 uti
323 1997 414 2075 saxis,
437 1994 517 2054 calor
539 1997 643 2077 ignist,
666 1995 763 2074 liquor
786 1999 884 2077 aquai,

112 2090 211 2143 tactus
235 2081 409 2161 corporibus
432 2085 559 2163 cunctis,
582 2085 711 2143 intactus
733 2085 822 2144 inani

43 2178 97 2230 405
113 2171 269 2230 servitium
292 2178 407 2251 eontra,
429 2177 601 2253 paupertas,
622 2171 814 2251 divitiaeque,
1009 2183 1049 2226 400

43 2267 95 2317 400
113 2258 251 2339 libertas,
274 2257 397 2339 bellum,
420 2258 589 2339 concordia,
612 2265 712 2320 cetera
735 2277 860 2337 quorum

114 2347 243 2408 adventu
264 2354 365 2407 manet
386 2347 544 2408 incolumis
565 2354 671 2408 natura
694 2346 846 2427 abituque,

112 2435 187 2496 haee
210 2433 291 2495 soliti
314 2453 430 2516 sumus,
452 2443 487 2495 ut
507 2454 561 2514 par
584 2442 642 2516 est,
666 2444 769 2496 eventa
790 2453 903 2496 vocare.

112 2530 234 2603 tempus
256 2525 328 2584 item
350 2542 405 2603 per
427 2542 460 2585 se
482 2541 542 2584 non
565 2530 624 2604 est,
647 2523 698 2584 sed
721 2522 811 2584 rebus
833 2523 869 2583 ab
892 2523 966 2601 ipsis
1027 2532 1031 2540 '

43 2621 100 2671 400
115 2613 309 2690 consequitur
331 2631 450 2693 sensus,
472 2620 653 2673 transactum
676 2612 747 2691 quid
770 2613 863 2672 sitin
885 2628 970 2691 aevo,
1011 2625 1050 2666 400

43 2708 95 2758 400
114 2707 179 2760 tum
203 2717 278 2779 quae
301 2718 350 2761 res
372 2703 476 2781 instet,
499 2700 569 2779 quid
591 2717 682 2780 porro
705 2700 813 2761 deinde
836 2706 989 2777 sequatur:

114 2806 171 2849 neo
193 2805 250 2868 per
271 2806 304 2848 00
328 2806 505 2867 quemquam
526 2795 643 2868 tempus
667 2791 777 2849 sentire
801 2788 981 2849 fatendumst

115 2884 264 2938 semotum
286 2875 323 2936 ab
345 2876 549 2938 rerum'motu
573 2877 745 2956 placidaque
770 2879 878 2956 quiete.

113 2960 123 3049 ll
136 2966 267 3043 denique
290 2964 486 3044 Tyndaridem
508 2971 622 3043 raptam
644 2964 779 3044 belloque
804 2965 939 3026 subactas

44 3061 98 3113 405
114 3054 299 3131 Troiugenas
322 3055 418 3131 gentis
441 3072 509 3113 cum
531 3053 634 3114 dicunt
657 3072 736 3134 esse,
759 3053 946 3115 videndumst
1012 3063 1052 3106 ⁴⁶⁵

45 3150 96 3201 400
113 3161 152 3203 00
175 3143 254 3202 forte
276 3141 350 3202 haec
372 3160 426 3220 per
449 3159 481 3201 se
504 3149 610 3220 cogant
632 3159 686 3202 nos
710 3160 776 3202 esse
799 3142 898 3223 lateri,

114 3230 233 3310 quando
249 3248 284 3290 ea
297 3229 393 3290 saecla
407 3229 570 3311 hominum,
584 3248 710 3310 quorum
724 3230 797 3291 haee
810 3237 913 3292 eventa
923 3229 1052 3309 inerunt,

112 3317 324 3380 inrevocabilis
347 3317 502 3378 abstulerit
523 3321 582 3379 iam
603 3321 764 3399 praeterita
787 3326 879 3380 aetas:

112 3425 242 3487 namque
266 3405 344 3468 aliud
368 3405 487 3488 saeclis,
510 3406 588 3467 aliud
612 3407 783 3487 regionibus
807 3409 880 3487 ipsis

541 3515 559 3555 re
