2484 3800
442 120 724 177 PROLEGOMENA.
1037 119 1089 173 VH

74 267 153 330 dnm
185 269 290 328 conta
316 265 390 328 boec
415 265 533 346 tyberi,
566 264 713 329 memini
739 269 888 328 naturam
913 285 977 328 non
996 283 1089 345 posse

74 357 168 418 deuna
182 354 248 417 sine
261 355 389 416 numine
397 354 485 416 reddi
496 350 550 438 (l),
565 358 650 416 tanto
659 374 746 434 opere
760 404 784 416 ..
799 358 919 418 mutare
932 401 957 416 ..
969 354 1088 434 franpas-

74 463 135 524 qne
162 462 276 519 neore,
310 445 339 505 et
366 442 433 504 iam
458 446 556 505 cetero
582 441 739 523 (nantolis
764 463 842 523 qnae
867 442 977 505 madet
1001 443 1089 505 odire

77 580 105 593 ..
126 535 157 594 et
172 550 222 594 res
237 549 296 610 per
313 531 432 593 oannis
449 528 602 593 blanditer
619 529 728 608 saeclo,
741 530 925 612 propnpem)
943 551 982 593 ne
992 549 1089 611 perans

79 620 197 682 oeddnt
217 619 389 681 humanum
412 622 501 698 atque
522 618 632 682 bmnm
650 619 756 681 omnio
774 638 876 696 conso,
899 618 1089 682 constituisse

80 708 148 771 deos
176 727 245 769 enm
271 707 403 788 finandi,
432 706 566 770 omntbn'
592 706 682 770 rebus
709 756 742 770 ..
769 706 918 770 videntur.
969 728 1006 769 ex
1031 709 1088 768 hoc

80 815 138 858 uno
172 796 320 878 exemplo,
357 799 415 856 nisi
447 796 544 877 lallor,
575 799 706 876 perspici
737 805 847 878 potest,
880 815 966 876 quam
998 798 1089 856 luerit

81 884 323 946 bockemiullerus
355 904 372 944 a
402 888 546 945 sermonis
574 885 659 945 latini
685 888 790 945 notitia
821 887 969 965 infirmus,
1001 903 1088 963 quam

81 976 202 1052 ignarus
235 976 306 1033 artis
339 974 457 1033 criticae
490 973 588 1052 legum
594 1020 603 1053 ,
640 992 728 1052 mam
760 976 840 1033 omni
871 972 968 1051 pulcri
999 991 1089 1033 sensu

82 1062 249 1122 destitutus.
297 1079 392 1139 neque
420 1068 518 1121 tamen
546 1064 610 1122 eius
638 1062 714 1121 liber
742 1080 801 1121 non
829 1063 886 1120 erit
912 1060 1088 1121 utilissimus

82 1149 118 1208 ad
140 1148 261 1210 Lucreti
288 1168 405 1210 carmen
434 1149 663 1230 emendandum,
691 1152 718 1209 si
744 1149 832 1209 modo
862 1151 929 1228 quis
952 1156 1035 1209 caute
1060 1155 1090 1208 et

84 1237 245 1316 prudenter
268 1245 367 1297 utatur
390 1244 420 1296 et
440 1238 578 1298 didicerit
596 1257 633 1298 ex
652 1237 775 1298 aliorum
795 1237 945 1298 erroribus
964 1237 1088 1297 discere.

172 1325 215 1385 Ex
234 1329 286 1406 eis,
308 1328 359 1405 qui
377 1333 443 1404 post
461 1325 717 1387 Boekemirllerum
735 1325 906 1386 Lucretium
925 1326 1089 1405 ediderunt,

85 1431 172 1474 nemo
194 1419 307 1474 tantum
330 1417 489 1495 praestitit,
516 1421 549 1474 ut
571 1415 715 1475 hocloco
737 1414 870 1474 videatur
893 1413 1088 1474 nominandus

86 1520 159 1562 esse.
193 1519 287 1580 neque
301 1509 400 1562 tamen
414 1502 530 1584 desunt,
545 1505 596 1581 qui
610 1521 678 1563 eum
691 1510 790 1581 partes
805 1505 944 1562 carminis
959 1503 1089 1582 ederent,

85 1591 119 1650 de
142 1590 192 1650 his
217 1590 404 1650 emendandis
427 1593 602 1651 meruerint:
628 1590 731 1650 lanum
752 1590 927 1669 Woltjerum
950 1590 1090 1650 Batavum

84 1678 164 1757 dico,
194 1679 245 1755 qui
266 1686 402 1758 excerpta
425 1697 462 1738 ex
484 1678 604 1739 Lucreti
627 1681 756 1738 carmine
782 1679 934 1739 emendata
957 1677 1090 1739 exhibuit

83 1768 114 1826 in
134 1766 232 1826 Sertis
250 1764 387 1826 Romanis
407 1785 481 1845 quae
500 1769 661 1847 inscripsit,
680 1775 709 1827 et
728 1765 894 1827 Samuelem
908 1766 1089 1847 Brandtium,

85 1857 135 1934 qui
159 1853 241 1913 idem
259 1852 327 1915 lecit
344 1857 376 1915 in
394 1853 511 1934 Eelogis
530 1862 684 1935 poetarum
702 1854 883 1937 Latinorum,
906 1874 978 1935 quas
997 1855 1090 1915 edidit

83 1943 203 2023 Lipsiae
227 1943 259 2001 in
281 1943 401 2004 aedibus
424 1944 573 2004 Teubneri
596 1963 619 2003 a.
646 1940 740 2006 1881.

173 2030 240 2089 Non
272 2034 357 2109 pauci
388 2038 540 2111 praeterea
569 2034 626 2091 viri
660 2032 739 2092 docti
770 2034 802 2091 in
833 2031 1090 2091 dissertationibus

83 2118 308 2197 inauguralibus
331 2126 380 2180 aut
402 2122 434 2179 in
457 2119 563 2180 libellis
586 2120 633 2179 vel
651 2119 833 2180 scholasticis
852 2119 897 2179 rel
916 2113 1090 2180 academicis

85 2215 134 2268 aut
163 2206 228 2267 aliis
256 2207 289 2266 in
316 2208 524 2286 scriptionibus
552 2208 588 2268 de
612 2210 656 2268 eis
678 2208 768 2268 rebus
792 2210 987 2287 scripserunt,
1015 2226 1090 2286 quae

84 2296 120 2356 ad
143 2294 320 2355 Lucretiana
344 2296 439 2356 studia
461 2298 653 2374 pertinerent.
695 2315 731 2355 ex
754 2295 860 2375 quibus
884 2294 933 2354 alii
951 2298 1090 2355 carminis

83 2384 175 2463 locos,
195 2386 247 2461 qui
265 2390 315 2444 aut
334 2386 464 2463 corrupti
483 2391 582 2444 essent
601 2391 651 2444 aut
669 2402 723 2463 pro
742 2385 889 2461 corruptis
902 2382 1090 2462 haberentur,

84 2471 244 2532 emendare
272 2474 369 2531 conati
397 2478 477 2552 sunt,
505 2472 555 2532 alii
582 2474 613 2532 in
641 2471 730 2532 rebus
754 2471 934 2550 explicandis
954 2472 1031 2530 riam
1055 2471 1090 2530 ad

84 2561 226 2620 carminis
262 2567 362 2638 partes
397 2560 537 2639 quasdam
568 2559 674 2620 melius
705 2559 941 2638 interpretandas
972 2562 1090 2620 munire

84 2647 273 2727 studuerunt,
296 2646 345 2706 alii
369 2646 404 2707 de
423 2647 542 2709 Lucreti
565 2648 729 2709 elocutione
748 2649 934 2727 quaestiones
955 2650 1091 2708 institue-

83 2743 164 2815 runt,
184 2734 234 2794 alii
252 2734 379 2813 denique
398 2735 434 2796 de
453 2738 517 2796 eius
536 2738 594 2797 vita
613 2745 700 2816 atque
719 2754 807 2815 opere
829 2738 854 2796 si
873 2736 943 2815 quid
958 2739 1090 2796 invenire

81 2828 209 2903 possent
236 2825 351 2902 experti
378 2830 454 2883 sunt.
500 2842 536 2884 cx
560 2823 667 2903 quibus
691 2842 750 2884 non
771 2826 857 2903 pauci
880 2842 914 2884 ea
937 2826 1090 2902 praestite-

82 2918 164 2991 runt,
186 2929 260 2989 quae
277 2914 428 2971 neminem
446 2914 584 2971 carminis
603 2912 773 2972 Lucretiani
791 2912 935 2972 editorem
953 2915 1089 2989 ignorare

81 3018 138 3077 par
166 3001 213 3058 sit
255 3017 329 3076 quos
357 3017 529 3059 enumerare
557 3019 626 3060 cum
652 3019 713 3060 non
739 3000 827 3059 huius
853 2999 912 3059 loci
940 3002 991 3080 sit,
1020 3001 1091 3059 satis

82 3090 156 3167 erit,
185 3088 304 3167 opinor,
331 3090 357 3147 si
383 3090 415 3147 in
442 3106 477 3147 eo
508 3107 595 3167 quem
624 3087 811 3148 subiecturus
839 3106 904 3147 sum
931 3086 1092 3147 lectionum

81 3177 236 3235 varietatis
265 3183 425 3254 conspectu
446 3176 629 3256 indicavero,
651 3175 703 3235 ubi
725 3194 760 3235 ea
782 3178 920 3254 quisque,
944 3193 1018 3252 quae
1042 3180 1091 3233 aut

80 3262 237 3343 probanda
261 3270 310 3323 aut
332 3269 413 3323 certe
436 3264 584 3323 afferenda
607 3266 669 3324 visa
692 3270 792 3345 erunt,
815 3264 976 3340 scripserit.

172 3351 235 3411 Iam
266 3353 293 3410 si
323 3351 379 3411 hoc
410 3351 474 3411 loco
507 3351 542 3410 de
575 3354 650 3411 meis
681 3353 746 3430 ipse
774 3350 879 3411 studiis
906 3348 1090 3409 Lucretianis

80 3440 202 3520 dixero,
227 3440 413 3501 necessitatis
439 3441 659 3500 excusationem
683 3458 770 3518 spero
793 3437 866 3497 mihi
888 3443 1021 3515 paratum
1044 3437 1090 3494 iri.
