2484 3800
155 164 200 227 44
642 158 669 213 11

228 327 294 370 esse
317 326 413 387 neque
437 310 556 369 omnino
578 307 665 367 flexis
686 302 877 367 mucronibus
901 317 989 379 unca,

228 397 281 458 sed
303 399 397 475 magis
419 396 542 475 angellis
564 395 684 475 paulum
707 390 922 473 prostantibus‚
944 387 1029 466 utqui

228 484 347 545 titillare
369 487 463 563 magis
486 503 592 546 seusus
616 500 704 562 quam
727 481 842 543 laedere
865 478 994 558 possint3

158 581 211 631 430
231 572 325 633 fecula
346 574 404 633 iam
428 591 486 650 quo
510 572 547 633 de
569 578 708 652 generest
730 568 885 647 inulaeque
909 580 1037 643 sapores.

230 661 357 740 denique
380 663 439 721 iam
462 660 572 721 calidos
595 662 673 739 ignis
695 657 879 738 gelidamque
902 654 1039 732 pruinam

232 748 369 809 dissimili
391 748 509 809 dentata
530 748 618 809 modo
642 763 829 825 conpungere
853 759 957 803 sensus

231 839 363 916 corporis
385 837 495 897 indicio
518 836 605 896 nohis
628 842 674 896 est
695 841 791 895 tactus
813 839 947 910 uterque.

231 931 328 985 tactus
351 927 444 1005 euim,
466 931 575 1005 tactus,
597 942 666 1004 pro,
690 923 788 983 divum
807 921 928 981 numina
952 920 1066 993 sancta,

162 1021 214 1070 tuo
233 1015 365 1093 corporis
388 1020 434 1073 cst
456 1029 576 1092 sensus,
598 1011 645 1071 vel
667 1029 735 1071 cum
757 1028 807 1070 res
830 1014 931 1068 extera
953 1022 1020 1065 sese

233 1102 375 1181 insinuat,
397 1099 443 1160 vel
466 1118 534 1160 cum
556 1099 647 1160 laedit
669 1116 744 1177 quae
767 1100 799 1158 in
822 1112 946 1174 corpore
969 1096 1067 1152 natast

233 1197 284 1249 aut
306 1191 385 1248 iuvat
407 1187 563 1266 egrediens
585 1186 722 1266 genitalis
744 1184 943 1265 perveneris
966 1198 1031 1259 res,

235 1283 285 1338 aut
307 1294 343 1335 ex
366 1276 481 1336 offensu
503 1293 572 1335 cum
593 1275 714 1335 turbant
736 1290 860 1352 corpore
883 1273 915 1330 in
938 1271 1004 1347 ipso

235 1365 347 1423 semina
369 1362 610 1441 contunduntqoc
631 1365 711 1423 inter
733 1380 765 1423 sc
789 1361 904 1421 concita
928 1372 1063 1435 seusum3

166 1459 218 1507 440
236 1458 269 1511 ut
292 1454 318 1511 si
340 1452 416 1512 torte
438 1469 527 1512 manu
550 1453 684 1530 quamvis
706 1453 765 1510 iam
790 1449 925 1526 corporis
947 1448 1013 1524 ipse

237 1546 299 1599 tute
321 1538 377 1598 tibi
399 1545 513 1617 partem
535 1540 626 1599 lerias
649 1546 735 1617 atque
759 1538 922 1616 experiare.

238 1632 416 1705 quapropter
437 1626 523 1705 louge
546 1627 656 1687 formas
680 1625 789 1686 distare
812 1629 965 1685 necessest

238 1714 406 1793 principiis,
431 1716 528 1774 varios
551 1733 625 1793 quae
648 1716 764 1793 possint
787 1713 875 1773 edere
899 1727 1014 1771 sensus.

282 1799 414 1878 Denique
437 1819 512 1879 quae
534 1802 621 1862 nobis
644 1801 748 1862 durata
771 1819 805 1862 ac
828 1802 924 1880 spissa
946 1797 1099 1876 ridentur,

169 1894 221 1944 445
239 1887 312 1949 haec
334 1890 428 1967 magis
450 1887 574 1951 hamatis
597 1892 676 1950 inter
699 1907 764 1950 sese
788 1907 853 1949 esse
877 1892 1032 1949 necessest

241 1983 271 2036 et
293 1979 377 2055 quasi
399 1980 524 2038 ramosis
547 1977 603 2038 alte
627 1984 779 2056 compacta
800 1978 905 2037 teneri.

241 2066 273 2124 in
295 2082 353 2143 quo
375 2066 434 2124 iam
456 2082 564 2143 genere
587 2068 618 2125 iu
641 2068 746 2144 primis
770 2064 956 2125 adamantina
979 2079 1052 2122 saxa

241 2154 336 2230 prima
359 2154 420 2213 acie
444 2160 580 2214 constant
601 2155 680 2213 ictus
703 2160 893 2214 contemnere
917 2157 1004 2211 sucta

242 2247 272 2300 et
293 2240 381 2300 validi
404 2239 503 2300 silices
525 2258 559 2300 ac
582 2240 650 2300 duri
672 2240 780 2301 robora
803 2241 877 2301 ferri

172 2333 225 2383 4⁶0
243 2345 367 2406 aeraque
391 2346 465 2407 quae
488 2327 626 2388 claustris
648 2331 790 2389 restantia
812 2329 1020 2388 vociferantur.

243 2414 293 2474 illa
315 2414 435 2494 quidem
456 2414 566 2475 debent
588 2434 604 2475 e
628 2414 742 2476 levibus
766 2423 853 2494 atquc
877 2413 1016 2474 rutundis

244 2520 309 2562 esse
331 2504 437 2583 magis,
460 2502 569 2563 fluvido
592 2520 667 2581 quae
691 2521 815 2583 corpore
838 2502 951 2581 liquida
975 2505 1120 2561 constant

244 2607 369 2668 namque
378 2592 531 2668 papaveris
540 2590 663 2651 haustus
673 2592 774 2651 itemst
780 2590 875 2650 facilis
883 2591 968 2668 quasi
977 2605 1130 2667 aquarum,
1141 2598 1176 2638 ⁴⁵³

174 2680 228 2732 455
245 2683 275 2736 et
296 2677 449 2754 perculsus
471 2680 542 2737 item
564 2676 694 2756 proclive
717 2676 854 2739 volubilis
878 2683 986 2757 exstat3
1142 2685 1178 2727 1⁵⁵

174 2769 226 2818 4⁶5
245 2781 301 2822 nec
323 2766 488 2824 retinentur
509 2767 588 2824 enim
606 2767 686 2825 inter
704 2784 736 2826 se
754 2765 967 2844 glomeramina
985 2781 1130 2842 quaeque.
1143 2774 1180 2816 ⁴⁵4

246 2849 299 2910 sed
323 2850 399 2928 quod
422 2870 520 2911 amara
540 2852 623 2912 vides
642 2852 744 2913 eadem
763 2871 838 2932 quae
857 2853 966 2913 fluvida
986 2858 1132 2934 constant,
1144 2864 1181 2904 4⁶⁴

176 2943 230 2994 465
247 2937 337 2997 sudor
359 2940 403 2996 uti
424 2942 515 2999 maris
538 2946 597 3020 est,
619 2942 741 3000 minime
765 2939 899 3000 mirabile
923 2939 1013 3000 debet
1145 2951 1181 2992 4⁶⁵

247 3129 315 3171 nam
338 3112 416 3190 quod
439 3113 564 3174 fluvidus
588 3121 647 3194 est,
670 3133 686 3174 e
710 3113 823 3176 levibus
847 3121 936 3193 atque
960 3114 1102 3176 rutundis

248 3206 306 3278 est,
328 3200 357 3259 ct
376 3197 521 3275 aquuleos
544 3201 637 3262 multa
660 3209 761 3263 creant
783 3203 913 3263 admixta
936 3201 1050 3263 doloris

178 3293 230 3342 460
248 3303 379 3364 corpora.
414 3304 469 3346 nec
492 3296 590 3349 tamen
612 3289 684 3350 haec
707 3293 832 3350 retineri
849 3291 967 3351 hamata
985 3300 1184 3353 necessumst:

250 3373 362 3434 scilicet
384 3391 450 3433 esse
472 3374 592 3452 globosa
613 3384 726 3458 tamen,
749 3396 817 3438 cum
840 3379 975 3458 squalida
999 3388 1150 3462 constent,

179 3468 233 3520 470
249 3460 381 3539 provolvi
404 3461 492 3520 simul
513 3470 548 3522 ut
568 3467 684 3541 possint
706 3473 736 3525 et
758 3465 876 3528 laedere
901 3485 1019 3530 sensus.
1150 3485 1187 3524 so
