2484 3800
570 172 597 225 Π
1041 172 1082 236 61

166 317 236 396 qnid
260 320 300 377 sit
322 316 365 377 ibi
387 336 491 398 porro,
515 336 573 395 quo
595 321 767 398 prospicere
791 339 884 399 usque
908 319 978 380 velit
999 338 1084 380 mens

165 413 253 484 atque
277 407 369 465 animi
390 408 485 466 iactus
509 405 667 485 liberque
689 407 822 486 pervolet
845 411 918 488 ipse.

208 494 358 573 Principio
381 493 468 554 nobis
492 496 524 554 in
546 500 668 555 cunctas
691 496 830 573 undique
844 499 937 575 partis

69 598 144 649 1040
165 589 196 641 et
218 580 310 642 latere
334 600 370 642 ex
392 589 519 661 utroque
541 600 640 661 supro
662 591 822 662 supterque
844 603 899 663 per
922 603 1008 646 omne

67 687 150 738 1050
162 669 273 730 nullast
294 671 376 751 finis3
399 672 444 731 uti
467 671 568 750 docui,
589 689 639 731 res
662 673 784 750 ipsaque
807 690 861 751 per
884 691 916 733 se
1032 686 1084 727 1⁰⁶0

164 758 356 838 vociferatum,
379 766 409 818 et
432 757 529 819 elucet
550 766 655 819 natura
677 760 825 838 profundi.

164 846 247 907 nullo
270 849 328 907 iam
350 852 436 925 pacto
459 849 522 907 veri
545 846 641 907 simile
664 866 730 908 esse
752 848 956 928 putandumst,

165 935 297 1013 undique
321 953 388 995 cum
411 953 530 996 vorsum
554 938 681 1015 spatium
704 944 787 997 vacet
809 938 957 996 infinitum

71 1042 147 1091 1ooo
167 1026 339 1102 seminaque
361 1025 518 1084 innumero
540 1042 664 1084 numero
688 1043 859 1103 summaque
882 1024 1027 1103 profunda

72 1129 150 1180 1055
162 1111 347 1172 multimodis
369 1111 493 1172 uolitent
514 1119 634 1172 aeterno
657 1115 769 1191 percita
792 1120 887 1193 motu,
1032 1125 1084 1166 10⁶⁵

165 1201 246 1261 hunc
268 1218 363 1261 unum
384 1207 532 1261 terrarum
555 1200 657 1260 orbem
680 1200 852 1279 caelumque
876 1208 1019 1281 creatum,

165 1288 210 1349 nil
232 1307 318 1367 agere
341 1288 390 1349 illa
414 1288 488 1349 loris
509 1295 554 1348 tot
579 1306 701 1367 corpora
725 1292 872 1369 materiai3

167 1394 236 1437 cum
258 1378 434 1456 praesertim
456 1377 505 1437 hic
528 1378 568 1436 sit
588 1382 694 1437 natura
718 1377 812 1437 iactus
836 1384 865 1437 et
887 1379 964 1457 ipsa,

74 1481 147 1533 1055
168 1472 272 1544 sponte
296 1483 349 1524 sua
371 1466 449 1525 lorte
469 1463 639 1524 offensando
661 1466 696 1525 ot
718 1467 831 1525 semina
853 1483 954 1525 rerum

76 1571 151 1622 1000
168 1552 351 1613 multimodis
373 1560 485 1612 temere
509 1555 541 1612 in
564 1570 680 1613 cassum
703 1555 870 1632 frustraque
894 1560 994 1614 coacta
1032 1567 1085 1607 1⁰⁶0

167 1641 287 1701 tandem
309 1640 464 1717 coluerunt
488 1658 523 1700 ea
546 1659 620 1719 quae
645 1648 782 1702 concreta
804 1648 925 1721 repente

168 1747 340 1807 magnarum
363 1746 463 1789 rerum
485 1729 592 1789 fierent
615 1730 735 1790 exordia
757 1748 888 1811 semper,

167 1819 259 1877 terrai
281 1818 373 1876 maris
396 1824 426 1877 et
448 1816 522 1877 caeli
544 1819 721 1896 generisque
739 1821 928 1879 animantum.

76 1925 149 1974 1000
169 1924 260 1986 quare
283 1908 373 1965 etiam
396 1913 483 1984 atquc
506 1908 595 1966 etiam
617 1906 684 1966 talis
707 1909 816 1968 fateare
839 1913 992 1968 necessest

77 2012 235 2064 10050000
258 1993 331 2054 alios
354 1993 424 2054 alibi
447 2012 624 2072 congressus
646 1997 793 2075 materiai,
1031 2009 1084 2050 10⁶⁵

169 2082 264 2162 qualis
286 2082 334 2141 hic
357 2089 416 2161 est,
439 2082 523 2142 avido
547 2082 702 2161 complexu
725 2101 812 2161 quem
835 2089 918 2142 tenet
938 2082 1049 2143 aether.

212 2169 368 2230 Praeterea
391 2188 459 2230 cum
480 2172 620 2231 materies
643 2177 689 2231 est
711 2169 802 2230 multa
824 2177 938 2250 parata,

169 2276 236 2319 cum
259 2258 342 2318 locus
365 2264 411 2319 est
432 2265 562 2338 praesto,
585 2276 641 2318 nec
663 2276 712 2318 res
734 2276 790 2317 nec
813 2276 901 2317 causa
923 2266 1055 2319 moratur

76 2347 242 2427 10000110,
265 2349 329 2425 geri
351 2346 472 2427 dehent,
495 2348 649 2426 nimirum,
672 2353 702 2406 et
724 2346 847 2405 confieri
869 2363 926 2406 res.

75 2453 153 2504 1070
166 2454 246 2496 nunc
268 2442 299 2494 ct
321 2435 483 2495 seminibus
507 2437 534 2494 si
556 2440 665 2494 tantast
687 2436 770 2512 copia
793 2440 931 2512 quantam
1034 2449 1087 2489 toro

170 2541 343 2584 enumerare
367 2530 446 2583 aetas
469 2525 651 2583 animantum
673 2540 733 2582 nou
757 2528 845 2601 queat
867 2523 975 2603 omnis,

576 2629 593 2666 ³l¹

169 2702 255 2780 sique
278 2698 381 2758 eadem
403 2705 507 2759 natura
530 2706 643 2779 manet,
666 2717 741 2778 quae
765 2701 878 2758 semina
900 2716 1001 2759 rerum

170 2790 307 2849 conicere
329 2787 360 2846 in
382 2786 446 2847 loca
470 2805 602 2866 quaeque
628 2793 716 2865 queat
739 2785 829 2846 simili
852 2788 964 2848 ratione

80 2895 150 2944 1010
169 2883 257 2955 atque
280 2874 338 2935 huc
361 2882 431 2936 sunt
452 2877 598 2955 coniecta,
620 2882 773 2936 necessest
796 2876 953 2936 confiteare

79 2979 154 3033 1075
167 2983 234 3026 esse
258 2963 331 3023 alios
354 2962 420 3023 aliis
442 2970 589 3024 terrarum
612 2965 643 3022 in
667 2962 801 3042 partibus
825 2963 905 3023 orbis
1036 2977 1088 3018 toro

170 3060 200 3113 et
221 3054 317 3112 varias
340 3050 492 3112 hominum
514 3053 611 3130 gentis
635 3058 665 3111 et
688 3051 783 3112 saecla
806 3053 943 3112 ierarum.

213 3140 277 3201 lluc
300 3139 414 3200 accedit
435 3147 468 3200 ut
491 3142 523 3199 in
545 3157 660 3200 summa
681 3157 730 3199 res
754 3139 834 3200 nulla
857 3142 897 3200 sit
918 3158 990 3221 una,

168 3231 256 3290 unica
279 3235 363 3306 quae'
376 3230 514 3306 gignatur
536 3235 566 3288 et
587 3229 676 3287 unica
699 3226 819 3306 solaque
842 3235 968 3308 crescat,

80 3335 149 3385 1010
169 3320 242 3398 quin
264 3315 403 3396 aliquoiu’
426 3319 483 3377 siet
506 3315 595 3376 saecli
617 3313 822 3394 permultaque
846 3316 949 3376 eodem

79 3423 153 3475 1000
168 3408 228 3467 siut
250 3423 368 3485 genere.
405 3406 436 3465 in
458 3405 564 3484 primis
587 3403 761 3464 animalibus
780 3405 858 3464 inice
877 3411 1089 3491 mentem31ooo

167 3497 301 3556 invenies
325 3495 368 3555 sic
390 3495 589 3572 montivagum
613 3511 706 3572 genus
729 3511 794 3553 esse
818 3493 961 3574 ferarum,
