2484 3800
401 145 684 203 Poounoottmm.
958 143 1047 198 XXXl

44 311 145 373 carum,
162 309 239 371 quac
254 292 285 351 in
299 291 423 371 reliquis
436 292 521 354 libris
540 299 650 375 ortam,
667 300 698 354 61
716 300 853 354 auctores
871 298 903 352 et
918 293 1048 351 rationes
1066 347 1072 358 ,

43 381 109 441 inira
130 398 189 441 suo
210 397 342 458 quaeque
362 380 426 442 loco
445 381 537 443 relata
554 384 696 443 invenies.
737 383 769 441 in
787 381 806 441 1.
824 380 861 441 17
878 380 1049 459 transposui

42 469 117 530 baec:
136 464 274 530 45-48
298 475 365 528 ante
388 467 441 549 26,
461 467 522 531 127
543 488 585 549 sq.
604 478 672 550 post
688 466 743 549 41,
760 466 892 531 51-53
910 475 978 547 post
994 463 1049 548 43,

43 553 215 618 230-238
235 563 305 634 post
322 545 374 638 97,
399 555 573 620 129-140
595 565 664 638 post
687 555 760 639 109,
784 553 958 620 168-173
980 563 1050 635 post

44 641 261 725 14017466.
284 646 363 706 inter
387 641 451 706 125
474 654 504 707 61
528 643 591 708 143
614 649 737 708 inserui
783 642 958 708 858-876
981 650 1050 723 post

44 731 97 796 906
128 731 286 813 collocavi,
313 735 384 792 item
412 730 497 795 1039
521 752 564 814 sq.
591 742 659 814 post
683 731 782 816 1036,
806 731 893 796 1124
920 732 1048 812 denique

43 831 100 882 ante
130 817 223 882 1123
249 823 344 900 posui.
393 811 474 882 in‘l.
502 822 525 881 V
556 819 618 884 175
641 841 685 902 sq.
713 830 782 884 ante
810 819 874 884 174
901 819 1050 900 collocavi,

43 905 216 972 273-305
239 916 306 988 post
326 906 392 971 260
414 911 514 992 posui,
536 907 712 973 534-563
737 913 781 972 616
804 909 951 990 subiunxi,
975 926 1049 987 quae

42 1017 77 1058 vv.
89 993 273 1061 495-508
292 996 328 1057 dc
346 1004 426 1058 terra
445 1005 475 1058 et
492 999 601 1060 ceteris
618 999 723 1059 mundi
740 996 882 1058 membris
900 997 1049 1076 dicuntur,

43 1103 161 1148 versum
184 1083 249 1147 693
273 1087 302 1146 61
324 1084 498 1146 antecedere
522 1086 613 1168 volui,
637 1089 689 1165 qui
711 1084 858 1167 661692,
880 1103 906 1146 v.
930 1080 995 1146 975
1018 1086 1050 1144 16

43 1193 123 1236 suum
149 1173 248 1234 locum
271 1176 290 1234 i.
314 1170 516 1252 apostant
539 1177 670 1255 reposui,
690 1192 734 1236 vv.
760 1171 844 1235 1131
864 1191 928 1253 sqq.
950 1174 1051 1233 versui

43 1260 123 1326 1126
151 1261 278 1343 subieci,
301 1263 374 1322 1166
396 1279 515 1322 versum
539 1259 625 1324 1342
648 1265 749 1324 versui
773 1259 867 1323 1343.
911 1263 1049 1321 inserto

42 1352 167 1430 denique
187 1348 263 1410 libro
281 1367 325 1410 vv.
343 1347 415 1418 366,
426 1367 470 1430 sq.
489 1357 556 1411 ante
574 1370 600 1412 v.
619 1348 684 1413 365
707 1349 855 1432 collocavi,
874 1345 1050 1411 400-403

41 1449 102 1517 post
126 1434 206 1518 405,
230 1435 291 1500 781
317 1455 360 1516 sq.
383 1445 450 1498 ante
475 1437 537 1500 777
561 1442 655 1519 posui

124 1527 250 1588 Praeter
276 1529 374 1587 omnia
401 1543 470 1586 vero
497 1526 642 1610 remedia,
669 1545 743 1606 quae
766 1526 803 1588 ad
825 1525 890 1586 loca
912 1532 1051 1604 comupta

42 1615 169 1678 sananda
197 1614 386 1696 adhibentur,
412 1613 444 1675 id
470 1632 563 1692 genus
590 1617 622 1676 16
650 1615 797 1676 cotidiano
823 1632 881 1675 usu
907 1620 1050 1694 versatur,

42 1705 116 1783 quod
147 1711 194 1764 est
222 1704 254 1762 in
281 1700 389 1763 litteris
411 1701 568 1782 verbisque
591 1702 753 1764 mutandis:
778 1702 815 1763 do
839 1721 897 1781 quo
919 1701 1012 1762 multa
1034 1719 1051 1761 6

41 1811 83 1853 66
104 1792 168 1852 dici
187 1809 262 1870 opus
284 1809 344 1852 uon
368 1796 421 1852 est
462 1797 578 1852 constat
596 1794 676 1852 enim
693 1794 773 1852 inter
791 1808 894 1850 66666
918 1792 969 1868 qui
990 1807 1051 1850 nou

41 1888 87 1942 aut
114 1881 187 1941 vani
219 1886 269 1941 aut
296 1880 449 1941 temerarii
476 1885 558 1961 sunt,
584 1897 644 1959 quo
671 1879 811 1948 meliores
837 1877 956 1940 codices
983 1881 1051 1960 sint,

41 1988 72 2030 ex
96 1968 210 2049 quibus
232 1975 331 2029 textus
348 1969 510 2049 hauriatur,
530 1986 565 2028 66
584 1968 743 2029 artioribus
761 1967 870 2028 linibus
892 1966 1052 2027 verborum

40 2057 251 2118 mutandorum
272 2056 421 2117 licentiam
445 2056 654 2117 continendam
673 2074 748 2117 6666.
784 2063 873 2134 atque
890 2054 1052 2115 Leidenses

40 2148 65 2205 si
89 2145 189 2205 56666
215 2144 333 2205 6611666
356 2143 454 2205 dicere
477 2162 537 2205 666
561 2144 681 2226 audeas,
704 2143 773 2204 mali
796 2149 959 2204 66616666
983 2149 1052 2202 6661
1131 2212 1136 2227 ι

40 2233 175 2295 vocandi.
230 2234 329 2311 itaque
366 2233 512 2293 eiusmodi
547 2251 611 2312 res,
643 2250 718 2312 quac
748 2232 821 2292 levvi
850 2229 932 2290 nullo
963 2230 1051 2289 modo

39 2324 171 2401 possint,
199 2338 266 2381 cum
297 2322 329 2381 in
359 2319 424 2381 aliis
452 2322 591 2381 carminis
624 2320 758 2401 partibus
789 2318 891 2399 plures
922 2320 955 2378 16
985 2317 1051 2377 61116

38 2412 199 2488 pauciores
224 2410 425 2490 inveniantur,
451 2410 621 2470 universam
644 2409 763 2470 illorum
790 2408 924 2468 codicum
950 2406 1051 2466 condi-

40 2501 159 2559 cionem
178 2498 205 2557 si
223 2504 398 2578 spectamus,
416 2515 475 2557 666
494 2500 583 2558 nimis
601 2497 711 2559 multae
731 2503 808 2557 suut.
846 2494 936 2555 babet
953 2501 1052 2555 autem

39 2586 188 2647 correctio
216 2587 248 2645 in
277 2586 320 2645 616
348 2585 457 2665 locum,
480 2604 556 2665 quae
584 2593 635 2647 aut
660 2587 769 2647 mutavi
793 2600 916 2645 6666666
939 2586 979 2644 611
1002 2589 1052 2643 aut

39 2694 115 2753 quae
136 2673 283 2734 eiusmodi
304 2675 371 2755 sint,
393 2681 427 2735 ut
445 2673 597 2734 lenissima
619 2676 782 2735 mutatione
805 2691 842 2733 er
864 2673 909 2732 616
931 2672 962 2732 id
985 2671 1052 2733 red-

39 2763 139 2843 datur,
162 2760 240 2841 quod
263 2768 294 2821 61
315 2779 369 2841 per
391 2778 424 2823 se
446 2762 553 2823 melius
577 2764 616 2822 sit
639 2769 669 2823 et
686 2769 790 2841 poetae
810 2762 928 2839 ingenio
947 2767 977 2820 61
995 2762 1053 2819 arti

38 2853 136 2929 magis
165 2850 351 2910 conveniens.
396 2850 452 2912 hoe
479 2852 571 2929 igitur
597 2850 643 2911 vel
668 2852 797 2911 maximo
824 2848 977 2909 vitandum
999 2854 1053 2928 est,
1148 2907 1150 2910 .

38 2958 75 2999 66
99 2956 162 2999 666
184 2939 356 2998 mutationis
379 2937 519 2999 facilitate
538 2939 653 2999 inducti
671 2938 707 2998 ad
726 2940 911 2999 coniecturas
931 2937 1053 2997 descen-

39 3028 155 3087 damus.
187 3043 284 3105 nequo
301 3028 402 3087 minus
420 3026 580 3087 videndum
599 3034 654 3108 est,
671 3045 719 3107 ne,
738 3026 870 3086 simodo
889 3026 1053 3086 sententiae

39 3117 113 3176 satis
133 3115 193 3194 fiat,
211 3114 348 3175 licentius
367 3131 536 3193 grassemur
553 3114 620 3193 plus
640 3114 764 3193 singulis
780 3114 827 3175 vel
839 3113 920 3174 binis
934 3112 1053 3191 syllabis

38 3211 90 3264 aut
113 3202 214 3263 verbis
237 3201 400 3264 mutandis:
424 3208 503 3263 certe
524 3202 609 3281 plura
627 3209 743 3263 mutare
761 3201 838 3263 baud
858 3204 919 3262 scio
938 3218 976 3261 an
994 3218 1054 3260 666

37 3291 128 3353 116661
155 3292 215 3351 6161
243 3290 371 3351 1616616
394 3292 640 3371 corruptissimis,
668 3308 726 3369 quo
749 3293 780 3350 in
803 3307 911 3368 genere
934 3290 1054 3348 666166

38 3380 227 3441 6666611666
258 3377 438 3440 abstinuisse
466 3378 574 3439 melius
602 3379 701 3439 luerit.
753 3396 810 3456 qua
835 3376 889 3437 ubi
916 3376 1054 3455 abstinui,

38 3471 140 3530 crucis
165 3469 282 3545 signum
303 3469 400 3547 posui.
