2484 3800
572 169 599 223 11
1044 172 1086 235 43

68 323 131 373 390
149 334 275 395 corpora
293 323 363 377 sunt
380 334 469 394 quam
483 316 519 377 de
534 317 642 396 quibus
657 325 702 378 est
716 317 814 397 liquor
828 318 922 379 almus
937 337 1087 398 aquarum.

151 410 182 464 et
204 406 337 482 quamvis
360 404 458 465 subito
480 424 536 485 per
557 405 656 466 colum
678 408 745 466 vina
768 406 901 467 ridemus

150 493 311 572 periinere:
335 500 364 553 at
386 500 488 553 contra
510 493 629 554 tardum
652 502 807 555 cunctatur
830 495 950 575 olirom,

152 589 204 641 aut
226 582 310 660 quia,
332 583 487 662 nimirum,
509 583 673 643 maioribus
697 589 742 643 est
765 582 920 643 elementis

151 676 203 730 aut
224 671 318 747 magis
340 669 465 729 hamatis
487 671 566 729 inter
589 688 621 730 so
645 689 756 749 perque
779 670 909 751 plicatis,

75 765 241 836 sonatque
264 755 331 817 ideo
353 759 453 819 rituti
476 776 536 817 non
558 765 618 818 tam
641 759 760 820 diducta
783 766 905 837 repente

152 848 233 906 inter
255 863 287 905 se
310 846 426 924 possint
447 846 609 924 primordia
632 847 747 925 singula
770 865 904 926 quaeque

154 933 268 1012 singula
290 951 344 1012 per
367 936 510 1013 cuiusque
533 935 660 995 lormina
682 954 865 1014 permanare.

153 1022 212 1082 huo
234 1021 348 1082 accedit
370 1024 414 1083 uti
435 1022 532 1082 mellis
554 1021 698 1102 lactisque
721 1022 852 1102 liquores

154 1110 282 1170 iucundo
308 1128 397 1170 sensu
420 1109 536 1188 linguae
558 1118 723 1172 tractentur
745 1114 777 1172 in
800 1130 864 1172 ore:

78 1207 134 1256 400
155 1206 185 1259 at
208 1206 309 1259 contra
332 1204 425 1259 taetra
448 1197 578 1259 absinthi
600 1207 705 1260 natura
728 1200 843 1279 serique

154 1289 288 1348 centauri
311 1286 396 1347 loedo
419 1294 613 1366 pertorquent
636 1306 688 1348 ora
710 1306 828 1370 sapore3

154 1382 189 1437 ut
210 1374 295 1436 facile
318 1392 460 1452 agnoscas
483 1393 499 1435 o
523 1374 638 1437 levibus
661 1383 748 1456 atque
771 1377 909 1437 rutundis

155 1482 221 1524 esse
244 1481 375 1542 eaquae
399 1481 505 1524 sensus
527 1464 655 1525 iucunde
678 1472 799 1543 tangere
821 1471 959 1546 possunt,

155 1560 186 1612 at
210 1558 311 1612 contra
334 1569 408 1630 quae
432 1569 530 1613 amara
552 1559 640 1632 atque
664 1572 767 1632 aspera
790 1571 916 1633 cumque
939 1553 1089 1632 ridentur,

78 1649 136 1698 405
154 1640 228 1701 haec
250 1641 343 1718 magis
365 1640 489 1700 hamatis
513 1642 591 1700 inter
616 1660 648 1701 se
671 1660 746 1702 nexa
768 1644 866 1703 teneri

154 1735 370 1809 proptereaque
393 1727 489 1788 solere
512 1731 574 1789 vias
597 1730 767 1791 rescindere
791 1733 902 1791 nostris

155 1815 293 1877 sensibus
314 1817 497 1894 introituque
520 1834 574 1877 suo
596 1835 788 1896 perrumpere
815 1836 932 1897 corpus,

156 1908 254 1966 omnia
276 1911 426 1984 postremo
449 1905 525 1965 hona
548 1906 685 1967 sensibus
709 1915 739 1967 et
760 1907 835 1968 mala
858 1915 939 1968 tactu

156 1993 295 2055 dissimili
316 1995 394 2053 inter
416 2011 449 2054 se
471 2002 603 2072 pugnant
625 1995 756 2072 perlecta
778 1997 885 2076 ligura3

81 2091 136 2142 410
154 2101 194 2143 ne
217 2089 250 2142 tu
272 2082 348 2141 lorte
371 2089 458 2160 putes
481 2100 581 2142 serrae
605 2083 756 2143 stridentis
780 2083 919 2144 acerbum

155 2171 310 2231 horrorem
332 2177 467 2230 constare
491 2168 645 2230 elementis
668 2170 781 2231 levibus
804 2189 896 2251 aeque

156 2278 191 2320 ac
213 2276 333 2320 musaea
354 2257 444 2338 mele,
468 2276 522 2336 per
545 2258 670 2318 chordas
694 2261 825 2338 organici
847 2277 922 2337 quac

157 2346 318 2408 mobilibus
341 2346 440 2424 digitis
463 2347 668 2425 expergefacta
690 2348 829 2427 figurant,

157 2454 217 2497 neu
239 2432 329 2495 simili
351 2441 506 2512 penetrare
528 2441 615 2513 putes
637 2436 798 2513 primordia
821 2436 915 2495 lorma

81 2533 136 2583 415
156 2527 189 2585 in
212 2541 299 2583 nares
321 2523 487 2603 hominum,
510 2540 577 2582 cum
600 2530 694 2584 taetra
716 2523 856 2584 cadavera
878 2530 1007 2603 torrent,

157 2619 188 2673 et
211 2629 278 2672 oum
301 2628 389 2672 scena
412 2628 498 2671 croco
521 2609 607 2671 Cilici
629 2612 748 2689 perlusa
770 2629 875 2673 recens
898 2620 944 2671 est

157 2718 266 2778 araque
288 2698 457 2759 Panchaeos
480 2697 595 2759 exhalat
617 2707 740 2778 propter
763 2700 883 2780 odores

156 2807 231 2850 neve
253 2786 347 2848 bonos
370 2804 470 2847 rerum
493 2785 583 2846 simili
606 2795 741 2848 constare
765 2787 879 2848 colores

157 2878 270 2938 somine
293 2876 468 2956 constituas,
492 2873 592 2935 oculos
616 2878 667 2954 qui
689 2893 811 2954 pascere
834 2883 972 2957 possunt,

81 2975 137 3024 420
156 2972 187 3025 et
209 2967 262 3044 qui
283 2970 475 3042 conpungunt
497 2965 590 3023 aciem
613 2963 825 3044 lacrimareque
849 2972 958 3044 cogunt

157 3061 207 3114 aut
229 3053 314 3113 foeda
337 3054 435 3130 specie
459 3050 517 3111 diri
539 3058 701 3130 turpesque
723 3053 870 3114 videntur.

156 3143 254 3201 omnis
276 3142 369 3221 enim,
392 3157 498 3200 sensus
522 3157 596 3218 quae
619 3139 731 3200 mulcet
753 3160 878 3220 cumque
898 3137 921 3221 †
938 3140 1075 3201 videntur

154 3230 227 3291 haut
250 3231 314 3289 sine
336 3228 505 3308 principiali
528 3227 626 3307 aliquo
650 3227 747 3288 levore
771 3236 911 3290 creatast:
989 3243 991 3246 ’

154 3325 186 3379 at
209 3325 311 3378 contra
334 3334 535 3396 quaecumque
557 3315 682 3376 molesta
705 3323 792 3395 atque
816 3335 918 3396 aspera
943 3325 1070 3398 constat,

82 3417 215 3467 tecnon
238 3406 337 3485 aliquo
360 3408 424 3466 sine
446 3407 587 3465 materiae
611 3404 747 3483 squalore
770 3411 924 3483 repertast.

155 3502 225 3556 sunt
247 3497 336 3555 etiam
360 3511 435 3573 quae
458 3495 515 3553 iam
539 3511 594 3553 nec
618 3491 694 3553 levia
716 3495 781 3555 iure
804 3499 944 3570 putantur
