2484 3800
174 153 218 215 94
656 150 695 204 ΠΙ

262 306 291 359 00
313 297 437 376 vigilans
460 300 561 359 stertis
583 316 640 358 000
663 299 777 359 somnia
799 314 923 357 cernere
947 313 1060 376 cessas,

262 385 474 464 sollicitamque
497 388 576 464 geris
599 404 683 447 cassa
705 383 861 445 tormidine
885 390 1029 464 mentem,

261 492 316 534 nec
338 477 470 552 reperire
493 480 578 552 potes
601 473 656 534 tibi
680 473 752 552 quid
774 474 813 533 sit
833 490 919 550 saepe
939 471 1017 552 mali,
1040 489 1109 532 cum
1131 492 1186 535 roso

262 560 362 623 ebrius
385 564 501 640 urgeris
524 562 625 622 multis
647 563 740 621 miser
761 560 891 639 undique
915 562 996 620 curis

174 666 244 715 1000
262 657 349 728 atque
372 652 463 710 animi
485 652 599 710 incerto
622 650 741 709 lluitans
765 666 866 709 errore
888 643 1024 726 vagaris?

305 738 338 799 Si
359 744 480 817 possent
502 736 651 818 homines,
673 736 797 816 proinde
821 754 854 796 ac
878 738 989 796 sentire
1013 735 1154 797 videntur

260 826 376 905 pondus
398 828 496 886 inesse
519 827 631 906 animo,
655 824 734 904 quod
757 843 788 885 se
812 825 953 903 gravitate
976 824 1091 905 fatiget,

260 933 277 974 e
300 911 408 993 quibus
430 914 461 974 id
483 913 534 974 fiat
556 915 653 974 causis
678 930 795 991 quoque
818 930 941 972 noscere
964 918 995 971 00
1018 912 1096 972 unde
1129 934 1185 975 1000

259 1010 341 1063 tanta
362 1001 432 1062 mali
454 1008 602 1079 tamquam
625 1000 718 1061 moles
741 1003 772 1060 in
795 1007 915 1079 pectore
939 1006 1068 1081 constet,

174 1106 242 1157 1000
260 1090 332 1151 baut
353 1092 394 1150 ita
416 1091 505 1149 vitam
528 1095 662 1170 agerent,
689 1096 722 1150 ut
746 1106 826 1149 nuno
848 1088 1023 1167 plerumque
1046 1088 1184 1149 ridemus

260 1178 331 1257 quid
354 1177 411 1238 sibi
435 1180 560 1256 quisque
582 1176 654 1237 velit
674 1179 805 1258 nescire,
828 1184 858 1237 et
880 1194 1023 1255 quaerere
1047 1194 1182 1257 semper,

260 1272 441 1327 commutare
464 1265 574 1344 locum,
597 1267 681 1343 quasi
705 1283 780 1325 onus
803 1264 951 1344 deponere
974 1266 1082 1343 possit:

260 1357 321 1415 exit
343 1372 430 1432 saepe
453 1354 532 1414 loras
554 1356 668 1431 magnis
692 1372 728 1413 ex
752 1352 873 1414 aedibus
896 1351 959 1431 ibe,
1129 1375 1182 1415 roeo

260 1460 326 1502 esse
350 1441 430 1501 domi
452 1459 540 1520 quem
562 1448 774 1522 pertaesumst,
799 1440 954 1519 subitoque
976 1438 1115 1521 reuertit,

174 1545 242 1595 1000
261 1532 369 1608 quippe
393 1530 464 1589 loris
487 1528 547 1590 nilo
570 1528 677 1590 melius
701 1532 752 1608 qui
775 1530 882 1589 sentiat
904 1546 979 1589 esse.

260 1619 354 1677 currit
376 1635 465 1695 agens
487 1635 610 1677 mannos
633 1617 669 1678 ad
692 1616 790 1677 villam
812 1618 1056 1696 praecipitanter,

260 1704 400 1764 auxilium
422 1707 509 1765 tectis
532 1707 617 1784 quasi
639 1705 717 1765 lerre
741 1704 913 1765 ardentibus
936 1706 1065 1764 instans:

260 1794 365 1852 oscitat
387 1792 546 1874 extemplo,
568 1794 667 1871 tetigit
689 1811 756 1854 cum
778 1792 879 1853 limina
902 1792 1001 1872 villae,
1130 1814 1184 1855 roos

259 1886 309 1941 aut
332 1879 393 1941 abit
414 1882 445 1940 in
468 1898 604 1942 somnum
626 1883 723 1960 gravis
747 1887 834 1960 atque
857 1879 964 1941 oblivia
987 1882 1119 1961 quaerit,

173 1985 242 2034 1000
261 1976 311 2029 aut
332 1970 422 2029 etiam
444 1987 607 2048 properans
629 1968 735 2030 urbem
757 1972 832 2048 petit
854 1975 941 2048 atque
964 1970 1077 2028 revisit.

258 2057 314 2117 hoc
337 2075 370 2117 se
393 2058 518 2135 quisque
541 2057 628 2117 modo
651 2057 769 2137 fugitat,
796 2075 897 2138 quem,
925 2055 1054 2137 scilicet,
1077 2064 1112 2117 ut
1135 2057 1181 2138 lit,

258 2145 388 2222 effugere
410 2144 481 2205 haut
503 2148 581 2223 potis
604 2152 663 2205 est:
685 2147 808 2223 ingratis
831 2145 934 2204 haeret
957 2151 987 2204 et
1009 2143 1073 2205 odit

257 2240 426 2313 propterea,
448 2231 545 2292 morbi
568 2235 637 2311 quia
660 2250 778 2293 causam
800 2250 860 2292 non
882 2239 965 2292 00000
987 2250 1089 2312 aeger3
1127 2256 1181 2296 roro

258 2320 444 2401 quambene
467 2323 494 2380 si
516 2320 626 2401 videat,
649 2322 707 2380 iam
729 2320 818 2381 rebus
842 2323 969 2399 quisque
992 2320 1108 2381 relictis

171 2424 240 2473 1070
257 2416 392 2469 naturam
414 2409 544 2486 primum
566 2407 682 2468 studeat
705 2426 884 2486 cognoscere
907 2425 1023 2489 rerum,

257 2499 401 2576 temporis
423 2498 536 2555 aeterni
559 2498 711 2576 quoniam,
733 2514 792 2556 non
816 2498 905 2557 unius
927 2495 1031 2576 borae,

258 2583 416 2662 ambigitur
439 2589 545 2663 status,
567 2585 598 2642 in
622 2601 680 2662 quo
704 2586 743 2644 sit
765 2583 939 2645 mortalibus
962 2586 1062 2643 omnis

257 2678 345 2752 aetas,
367 2677 578 2749 postmortem
596 2689 670 2749 quae
688 2678 780 2732 restat
798 2690 934 2752 cumque,
951 2672 1108 2733 manenda.
1129 2695 1184 2736 rora

300 2757 432 2836 Denique
456 2765 536 2818 tanto
559 2776 648 2837 opere
672 2761 703 2819 in
726 2759 824 2820 dubiis
847 2759 996 2838 trepidare
1020 2759 1144 2838 periclis

170 2861 331 2924 idioquae
354 2845 430 2906 mala
451 2864 506 2906 nos
530 2846 640 2924 subigit
661 2847 732 2906 vitai
753 2853 833 2907 tanta
858 2844 987 2927 cupido?

257 2941 337 2994 certa
361 2933 480 3011 quidem
502 2934 570 2994 finis
592 2936 669 2994 ritae
692 2934 865 2995 mortalibus
889 2934 997 3015 adstat,

255 3039 311 3081 000
334 3020 457 3080 devitari
479 3020 571 3081 letum
593 3029 675 3102 pote,
698 3024 770 3100 quin
794 3021 944 3083 obeamus.

255 3114 408 3186 praeterea
430 3126 582 3169 versamur
604 3108 716 3169 ibidem
737 3116 825 3188 atque
844 3112 980 3170 insumus
998 3129 1107 3192 usquc,
1131 3135 1186 3174 roeo

255 3212 311 3254 nec
333 3211 407 3253 nova
429 3196 553 3256 vivendo
576 3197 750 3275 procuditur
772 3196 831 3258 ulla
853 3197 1001 3277 voluptas:

169 3297 237 3346 1080
256 3280 309 3341 sed
336 3280 406 3340 dum
434 3281 517 3342 abest
542 3284 620 3362 quod
644 3303 776 3365 avemus,
803 3285 833 3345 id
857 3304 1038 3364 exsuperare
1063 3288 1186 3348 ridetur

256 3374 367 3428 cetera:
390 3375 457 3445 post
480 3368 572 3450 aliud,
595 3390 663 3432 cum
686 3375 808 3451 contigit
831 3372 917 3455 illud,
939 3392 1077 3457 aramue,

256 3463 286 3514 et
308 3456 374 3514 sitis
397 3472 489 3532 aequa
511 3463 594 3518 tenet
614 3461 686 3520 vitai
709 3479 826 3539 semper
848 3461 966 3522 biantis.
