2484 3800
181 153 225 219 46
667 152 693 205 n

252 317 290 359 nc
313 299 455 378 quaedam
478 317 566 378 cogas
590 300 702 359 inmani
724 298 904 357 maximitate

254 405 333 467 esse,
356 405 445 466 supra
468 387 546 466 quod
569 388 627 446 iam
650 386 738 446 docui
759 404 819 446 non
841 402 930 464 posse
952 382 1077 463 probari.

676 492 694 529 *

184 569 236 619 500
254 565 313 623 iam
335 562 390 623 tibi
412 562 581 623 barbaricae
604 569 702 623 vestes
724 560 925 639 Meliboeaque
948 558 1064 636 fulgens

253 669 384 730 purpura
406 650 575 711 'l'bessalico
599 650 777 710 concharum
799 649 908 709 inlecta
931 646 1028 707 colore

254 738 403 817 caudaque
426 756 572 817 pavonum
594 738 705 799 ridenti
728 736 839 797 imbuta
861 736 962 815 lepore

255 845 340 887 caeca
362 844 438 886 novo
460 844 561 886 rerum
584 832 722 905 superata
745 825 843 885 colore
866 826 999 884 iacerent

255 921 285 974 et
306 920 492 993 contemptus
515 914 588 974 odor
611 932 746 993 smyrnae
769 912 924 991 mellisque
947 928 1082 989 saporeS,

185 1010 236 1060 505
255 1010 285 1062 et
307 1020 415 1081 cycnea
437 1001 513 1062 mele
535 1001 730 1081 Phoebeaque
753 1000 872 1061 daedala
895 999 1014 1059 chordis

255 1092 384 1150 carmina
407 1089 554 1150 consimili
576 1092 691 1150 ratione
714 1107 855 1168 oppressa
878 1087 1014 1147 silerent:

254 1196 380 1256 namque
403 1177 470 1238 aliis
493 1177 571 1238 aliud
593 1179 791 1256 praestantius
815 1182 997 1236 exoraretur.

255 1265 360 1326 cedere
383 1267 455 1325 item
477 1273 558 1325 retro
580 1271 702 1344 possent
723 1266 755 1324 in
778 1264 941 1325 deteriores

255 1356 353 1413 omnia
376 1355 419 1414 sie
442 1355 547 1433 partis,
571 1360 606 1413 ut
629 1353 756 1412 diximus
778 1355 810 1412 in
832 1351 977 1412 melioris:

187 1447 237 1496 510
256 1459 381 1519 namque
405 1439 471 1500 aliis
494 1440 572 1501 aliud
595 1447 675 1501 retro
699 1458 816 1519 quoque
839 1441 963 1500 taetrius
987 1444 1068 1497 esset

256 1528 377 1589 naribus
401 1528 521 1589 auribus
544 1535 632 1608 atque
655 1528 749 1589 oculis
773 1529 893 1606 orisque
917 1528 1025 1605 sapori.

257 1633 331 1694 quac
354 1618 491 1693 quoniam
514 1634 574 1676 non
597 1622 679 1695 sunt,
702 1614 756 1677 sed
777 1614 867 1675 rebus
890 1615 1006 1675 reddita
1031 1620 1110 1673 certa

257 1704 325 1762 linis
346 1704 495 1781 utrimque
517 1711 600 1765 tenet
621 1722 780 1783 summam,
803 1704 913 1763 lateare
936 1708 1091 1763 necessest

256 1792 408 1849 materiem
432 1808 548 1870 qnoque
571 1793 663 1851 linitis
685 1792 805 1851 differre
828 1792 940 1869 liguris.

189 1885 239 1934 515
258 1877 385 1956 denique
409 1876 445 1937 ab
468 1878 585 1957 ignibus
607 1879 645 1940 ad
668 1878 779 1958 gelidas
803 1881 861 1940 iter
883 1896 979 1957 usque
1001 1878 1124 1957 pruinas

257 1967 401 2025 finitumst
423 1973 561 2044 retroque
581 1970 647 2046 pari
669 1970 783 2027 ratione
806 1974 1015 2028 remensumst.

258 2055 353 2113 omnis
376 2054 455 2113 enim
478 2053 557 2114 calor
580 2073 613 2115 ac
636 2056 729 2134 frigus
752 2055 902 2133 mediique
926 2061 1047 2133 tepores

257 2143 477 2220 interutrasque
499 2145 595 2202 iacent
617 2142 770 2221 explentes
794 2143 898 2202 ordine
922 2160 1084 2204 summam:

258 2247 327 2307 ergo
350 2229 431 2288 linita
455 2228 565 2289 distant
587 2233 702 2290 ratione
725 2237 836 2310 creata,

189 2325 240 2372 520
259 2317 379 2394 ancipiti
401 2319 539 2394 quoniam
561 2320 697 2377 mucroni
719 2320 868 2397 utrimque
892 2325 1047 2398 notantur,

258 2404 327 2463 hinc
350 2403 475 2463 dammis
498 2403 579 2464 illinc
602 2405 707 2483 rigidis
730 2406 837 2465 infesta
859 2408 985 2485 pruinis.

302 2490 385 2560 Quod
413 2493 550 2569 quoniam
573 2491 673 2571 docui,
700 2511 821 2571 pergam
849 2500 1006 2554 conectere
1033 2512 1098 2554 rem
1120 2509 1182 2571 quae

259 2596 293 2637 ex
316 2578 372 2637 boc
395 2586 460 2656 apta
482 2579 569 2638 tidem
592 2579 693 2660 ducat,
715 2581 877 2658 primordia
900 2599 1015 2662 rerum,

260 2666 337 2723 inter
360 2683 391 2724 se
415 2665 505 2725 simili
527 2684 602 2744 quae
626 2675 695 2727 sunt
716 2668 848 2747 perlecta
870 2669 977 2748 figura,

128 2803 132 2809 .
191 2758 241 2806 526
260 2751 373 2810 infinita
396 2751 503 2813 cluere.
540 2755 650 2813 etenim
674 2754 812 2816 distantia
836 2774 903 2817 cum
927 2758 968 2816 sit

261 2838 419 2898 formarum
442 2841 538 2919 linita,
560 2848 712 2901 necessest
735 2861 808 2921 quae
832 2843 945 2904 similes
970 2846 1031 2904 sint

261 2942 326 2983 esse
349 2927 492 3007 infinitas,
515 2933 565 2987 aut
587 2945 731 2988 summam
755 2933 890 2992 materiai

261 3013 372 3071 linitam
395 3022 543 3094 constare,
565 3015 596 3074 id
620 3016 698 3095 quod
721 3035 780 3077 non
804 3036 870 3079 esse
894 3018 1027 3098 probavi.

681 3122 699 3162 a

264 3185 394 3246 versibus
418 3189 533 3249 ostendi
556 3191 730 3269 corpuscula
753 3196 888 3254 materiai

199 3283 249 3335 500
263 3292 297 3333 ex
321 3274 435 3333 infinito
458 3294 602 3338 summam
625 3299 725 3340 rerum
750 3300 844 3360 usque
868 3289 971 3344 tenere

261 3361 391 3439 undique
414 3364 526 3440 protelo
549 3365 701 3445 plagarum
724 3372 902 3431 continuato.

263 3467 329 3509 nam
353 3449 430 3527 quod
454 3468 519 3510 rara
541 3453 623 3514 vides
646 3459 739 3536 magis
763 3476 829 3519 esse
852 3458 991 3521 animalia
1015 3461 1154 3541 quaedam

1231 465 1235 493 l

1234 538 1235 553 l

1234 558 1235 588 l

1232 684 1238 856 l
