2484 3800
178 191 242 246 XVI
541 189 824 245 PROLEGOMENA„

178 343 209 400 in
233 357 267 398 eo
291 338 424 397 invenire
448 337 526 416 quod
548 335 603 397 tibi
625 339 725 397 minus
745 337 861 415 placere
880 337 961 397 dicas
979 338 1078 414 itaque
1097 336 1186 396 levis-

179 430 253 487 simo
275 428 407 506 crimine,
430 427 520 485 immo
539 443 749 503 nonnunquam
768 443 891 504 prorsus
909 443 992 505 vano,
1014 424 1187 485 damnatum
1229 424 1230 431 ’

179 515 213 576 ad
242 517 341 575 nescio
370 531 457 592 quem
485 513 724 591 interpolatorem
751 514 873 573 referre.
918 513 954 572 ad
982 513 1060 590 quod
1084 519 1188 572 tamen
1229 544 1230 591 1

177 603 341 663 remedium
365 619 515 680 nunquam
537 620 596 661 non
618 603 650 661 in
673 608 812 680 promptu
831 619 862 661 se
882 601 1009 660 ollerens
1028 607 1188 679 antequam

179 692 377 770 confugiatur,
404 689 481 749 haud
510 692 570 750 seio
599 707 636 749 an
658 689 816 749 videndum
839 691 891 770 sit,
919 696 1037 748 certane
1059 691 1188 766 vestigia

179 781 324 840 sermonis
356 797 372 838 a
398 777 518 838 Lucreti
549 779 668 855 ingenio
701 783 731 836 et
762 784 824 837 arte
852 777 940 837 alieni
967 783 1126 856 appareant
1152 780 1188 836 in
1229 844 1230 853 1

178 867 285 948 verbis,
308 865 354 926 vel
376 865 481 926 habeat
504 867 649 925 sententia
673 865 751 943 quod
775 866 847 925 lerri
869 865 949 924 nullo
972 865 1058 924 modo
1079 867 1187 943 possit.
1229 856 1230 883 ³

179 959 251 1034 quin
274 957 361 1015 etiam
383 956 515 1032 siquam
534 955 704 1014 cautissime
724 971 809 1031 agere
828 953 917 1033 voles,
939 953 1099 1012 ridendum
1117 955 1187 1034 erit7

177 1046 313 1122 possisne
350 1060 468 1102 causam
504 1045 684 1122 excogitare,
721 1060 777 1119 qua
814 1042 919 1101 ductus
953 1042 1046 1101 lector
1077 1039 1187 1118 aliquis
1229 1100 1230 1103 ,

179 1150 247 1192 eum
275 1149 362 1210 quem
390 1133 421 1190 in
449 1133 649 1232 suspicionem
675 1147 762 1190 vocas
789 1148 907 1189 versum
934 1131 1060 1189 finxerit.
1109 1147 1187 1206 quae

179 1222 275 1280 cautio
309 1237 376 1279 cum
407 1237 474 1278 raro
506 1221 538 1278 111
567 1236 707 1278 versuum
740 1218 974 1278 damnationibus
1002 1216 1187 1298 adhibeatur,
1229 1278 1230 1331 1

178 1308 333 1386 plerosque
380 1305 527 1365 eiusmodi
562 1312 685 1365 conatus
721 1323 781 1365 non
826 1305 1068 1365 commemorabo
1128 1305 1230 1365 fuit
1229 1338 1230 1403 1

180 1395 299 1473 quidem
333 1395 384 1472 qui
416 1393 528 1453 diceret
560 1411 727 1453 sermonem
753 1392 961 1454 Lucretianum
989 1411 1047 1453 non
1074 1382 1230 1453 habere

180 1489 259 1543 certa
287 1484 370 1559 signa
398 1480 505 1559 qulbus
533 1480 768 1558 dignosceretur:
800 1484 849 1541 cui
875 1484 915 1542 ita
942 1499 1002 1541 non
1029 1483 1187 1561 assentior,

179 1569 410 1630 utcontendam
432 1568 542 1629 nullius
564 1576 668 1648 poetae
692 1568 741 1628 lat'
720 1571 776 1628 tini
795 1587 898 1629 versus
917 1569 1032 1630 facilius
1050 1570 1188 1672 dignosci

179 1676 266 1738 posse
300 1675 386 1736 quam
418 1657 550 1738 Lucreti,
586 1657 743 1717 dummodo
776 1659 843 1736 quis
875 1659 938 1717 eius
970 1659 1123 1735 ingenium
1154 1666 1188 1717 11

180 1753 274 1806 artem
296 1747 414 1825 penitus
437 1704 613 1824 cognoderit
1229 1784 1230 1827 1

267 1834 438 1894 Ρ1ο11111111111
470 1840 579 1894 estut
610 1833 648 1893 de
678 1832 813 1893 versibus
845 1835 877 1892 in
903 1832 1023 1893 Lucreti
1054 1835 1188 1893 carmine
1229 1844 1230 1910 1

179 1941 250 2001 repe
251 1925 314 1983 titis
342 1923 444 1983 dicam.
490 1924 587 1982 extitit
613 1924 706 2025 enim,
734 1925 799 2003 qui,
826 1940 892 1982 cum
915 1921 1058 2000 plurimos
1080 1940 1188 1982 versus
1229 1951 1230 1988 ;

181 2011 357 2091 singulareS,
380 2011 522 2089 plurimas
545 2013 720 2091 sententias,
741 2028 802 2070 non
823 2028 933 2089 paucos
956 2010 1082 2088 denique
1106 2016 1188 2070 totos

181 2099 291 2159 locos
283 2117 315 2159 1n
336 2099 457 2158 Lucreti
478 2098 563 2159 libris
585 2101 727 2178 repetitos
746 2105 845 2158 extare
863 2097 985 2179 videret,
1007 2097 1188 2158 contendere

22 2176 26 2181 ’
98 2174 102 2187 ”
181 2187 303 2247 auderet
334 2193 450 2265 poetam
481 2188 543 2246 fere
576 2186 611 2247 ab
648 2186 791 2247 iterandis
826 2184 961 2246 versibus
996 2185 1187 2246 abstinuisse.

181 2294 269 2354 quem
296 2277 432 2335 iuvenem
459 2281 489 2334 et
516 2276 720 2335 acutissimum
747 2281 778 2334 et
804 2274 1020 2354 doctissimum,
1048 2272 1188 2335 Carolum

181 2363 364 2444 Gneissium,
401 2364 453 2441 qni
486 2362 724 2423 dissertationem
757 2362 793 2422 de
824 2360 959 2421 versibus
991 2364 1022 2421 in
1053 2360 1189 2421 Lucretii

181 2454 310 2511 carmine
328 2515 329 2520 1
347 2452 482 2529 repetitis
515 2452 656 2529 scriptam
687 2450 779 2510 edidit
813 2450 999 2527 Argentorati
1030 2467 1055 2509 a.
1089 2446 1188 2531 1878,

181 2542 295 2616 magnis
318 2539 462 2599 excidisse
486 2540 566 2598 ausis
589 2538 787 2598 demonstrari
808 2539 840 2596 in
862 2555 928 2597 ann.
951 2537 1068 2598 Lucret.
1090 2534 1189 2617 1879,

181 2645 208 2704 p.
238 2623 300 2687 201
335 2645 397 2705 sqq.
453 2632 553 2686 extant
584 2629 664 2686 enim
697 2628 729 2685 in
760 2627 889 2686 carmine
920 2626 952 2685 hi
983 2632 1097 2686 tantum
1129 2625 1190 2686 loci

180 2716 307 2773 maiores
325 2732 385 2773 non
404 2733 420 2774 a
438 2721 524 2792 poeta
543 2716 651 2792 ipsot
627 2717 715 2775 iterat
715 2716 738 2774 i:
756 2714 769 2773 l
786 2710 928 2795 44-49,
946 2713 984 2772 17
1001 2710 1189 2795 217-229,

180 2797 407 2882 7128-137,
428 2798 672 2882 71383-385,
697 2802 733 2862 de
757 2820 883 2880 quorum
905 2819 1082 2880 unoquoque
1104 2801 1189 2879 leges

181 2908 234 2951 suo
254 2889 327 2949 loco
364 2896 398 2948 ut
418 2888 451 2949 hi
472 2889 539 2969 loci,
563 2892 605 2949 sic
629 2892 717 2950 etiam
740 2892 792 2969 qui
810 2889 919 2968 singuli
936 2889 983 2949 111
1000 2890 1065 2950 bini
1081 2907 1189 2950 versus
1229 2891 1230 2980 1

181 2978 216 3037 ab
235 2976 446 3055 interpolatore
466 2977 562 3055 aliquo
582 2980 701 3057 repetiti
719 2985 796 3059 sunt,
814 2980 846 3038 in
859 2978 1000 3038 inferiore
1013 2979 1190 3057 paginarum
1229 2983 1230 3088 1

181 3067 313 3143 margine
337 3064 554 3126 indicabuntur

268 3152 323 3212 Hic
351 3159 418 3212 ante
441 3155 551 3234 omnia,
579 3156 604 3214 si
633 3154 703 3233 quid
726 3154 821 3233 video,
843 3152 915 3212 illud
938 3153 1110 3231 fugiendum
1134 3162 1190 3235 est,

181 3259 231 3321 ne,
265 3242 291 3299 si
326 3242 377 3318 qui
404 3238 486 3299 locus
513 3240 568 3321 ihi,
599 3242 652 3303 ubi
678 3245 816 3321 iteratur,
846 3258 906 3300 non
934 3242 1070 3302 omnibus
1098 3240 1190 3302 rebus

181 3330 351 3406 aptissimus
379 3326 524 3408 videatur,
553 3331 616 3389 sine
644 3330 703 3390 ulla
731 3329 912 3390 dubitatione
935 3348 1077 3407 negemus
1099 3347 1191 3407 posse

181 3415 217 3475 ah
241 3418 305 3494 ipso
329 3421 415 3494 poeta
440 3418 598 3493 repetitum
621 3436 695 3478 esse.
741 3420 773 3477 in
795 3417 841 3478 his
864 3419 944 3477 enim
967 3418 1056 3478 rebus
1080 3425 1192 3496 quanta
1229 3465 1230 3528 1

181 3506 316 3565 cautione
345 3520 418 3581 opus
447 3510 539 3584 esset,
566 3511 633 3565 ante
656 3505 711 3565 hos
733 3504 918 3582 undeviginti
940 3523 1046 3586 annos,
1072 3507 1091 3565 i.
1115 3524 1141 3565 e.
1166 3525 1192 3566 a.
1229 3547 1230 3600 1
