2484 3800
150 171 214 236 154
636 169 662 223 V

220 325 301 379 muta
324 320 388 378 sine
412 336 462 378 ore
487 320 588 398 etiam,
612 319 676 377 sine
699 316 780 377 voltu
802 323 1043 397 caecarepcrta,

221 409 374 485 vinctaque
397 404 598 466 membrorum
620 423 675 484 per
697 412 792 466 totum
814 423 922 484 corpus
944 404 1088 485 adhaesu,

151 495 395 561 830100110010
418 500 451 554 ut
473 501 594 573 possent
617 496 775 572 quicquam
797 511 852 553 nec
875 493 982 554 cedere
1005 511 1164 572 quoquam

151 591 275 643 8411100
298 584 390 643 vitare
413 581 522 643 malum
544 600 600 643 nec
624 599 740 642 sumere
764 582 843 661 quod
865 581 944 642 soret
965 600 1046 642 usus.

222 678 320 732 cetera
342 671 379 732 de
402 688 509 749 genere
532 669 588 731 hoc
610 676 743 731 monstra
765 688 799 732 ac
817 676 953 749 portenta
972 669 1102 751 creabat,
1117 693 1162 734 aas

221 762 413 839 nequiquam,
437 760 574 837 quoniam
596 765 702 819 natura
724 757 885 819 absterruit
906 764 1038 839 auctum,

222 866 277 909 nec
299 855 422 927 potuere
446 849 577 925 cupitum
601 848 705 907 aetatis
727 854 848 925 tangere
870 846 974 907 dorem

152 954 277 1003 0351100
299 936 434 1025 reperire
454 934 553 996 cibum
575 953 631 995 nec
653 936 736 1013 iungi
757 953 812 1014 per
833 934 956 995 Veneris
979 954 1038 996 res.

152 1032 208 1085 846
223 1023 315 1085 multa
337 1023 470 1083 videmus
493 1025 573 1083 enim
596 1022 686 1084 rebus
709 1041 887 1084 concurrere
910 1022 1034 1103 debere,

222 1119 255 1174 ut
276 1112 463 1191 propagando
486 1114 602 1191 possint
623 1112 787 1190 procudere
811 1110 919 1191 saecla;
1116 1134 1159 1175 eso

222 1200 328 1281 pabula
350 1201 478 1279 primum
501 1206 535 1260 ut
557 1202 630 1281 sint,
653 1198 789 1278 genitalia
812 1200 919 1260 deinde
941 1218 997 1278 per
1020 1207 1104 1261 artus
1184 1188 1191 1201 ⁹

224 1291 348 1369 semina,
371 1306 445 1367 quae
467 1290 584 1367 possint
604 1286 745 1347 membris
767 1306 886 1349 manare
909 1290 1049 1369 remissa,

153 1396 205 1445 840
223 1378 390 1455 feminaque
413 1383 447 1437 ut
468 1375 599 1436 maribus
622 1378 761 1454 coniungi
782 1378 877 1455 possit
900 1394 999 1456 avere,

153 1472 207 1525 851
224 1472 325 1527 mutua
348 1466 399 1543 qui
421 1471 536 1525 mutent
558 1466 637 1525 inter
660 1482 691 1524 se
714 1464 820 1542 gaudia
841 1471 976 1543 uterque.

267 1548 276 1636 11
284 1553 431 1631 Multaque
440 1554 659 1613 tuminteriisse
667 1554 847 1613 animantum
854 1552 949 1613 saecla
956 1560 1157 1617 necessestass

220 1640 278 1701 'neo
300 1643 432 1720 potuisse
454 1640 641 1719 propagando
663 1640 827 1719 procudere
849 1640 972 1720 prolem.

224 1748 292 1789 nam
314 1747 515 1808 quaecumque
537 1729 619 1789 vides
641 1731 722 1790 vesci
742 1727 879 1790 vitalibus
901 1730 995 1810 auris,

154 1826 275 1885 0451111
297 1816 382 1877 dolus
404 1824 454 1877 aut
475 1819 569 1877 virtus
592 1824 643 1877 aut
664 1817 791 1895 denique
814 1816 961 1878 mobilitas
984 1824 1032 1878 est

153 1914 209 1965 856
222 1925 259 1967 011
282 1908 402 1967 ineunte
425 1924 495 1967 aevo
518 1924 611 1985 genus
634 1906 664 1966 id
686 1912 778 1967 tutata
800 1924 968 1967 reservans:

224 1993 373 2073 multaque
397 2001 478 2076 sunt,
501 1992 587 2054 nobis
610 2012 647 2054 er
670 1994 796 2054 utilitate
819 2012 871 2055 sua
894 2013 968 2072 quae
1116 2019 1158 2060 oco

225 2082 426 2144 commendata
447 2089 580 2164 manent,
602 2081 711 2143 tutelae
733 2082 841 2142 tradita
862 2089 990 2143 nostrae.

224 2173 370 2250 principio
394 2189 486 2249 genus
509 2189 575 2232 acre
599 2170 718 2231 leonum
740 2188 883 2249 saevaque
907 2170 1002 2231 saecla

154 2279 206 2328 850
224 2266 345 2320 tutatast
366 2260 474 2339 virtus,
496 2257 596 2338 volpes
619 2258 717 2340 dolus,
741 2266 770 2320 et
792 2259 860 2338 fuga
882 2277 993 2320 cervos.

155 2357 209 2408 861
224 2355 254 2409 at
276 2347 435 2407 levisomna
458 2365 563 2408 canum
586 2347 644 2406 fido
668 2365 735 2407 cum
755 2354 876 2425 pectore
899 2347 1000 2428 corda,

226 2442 255 2496 et
278 2454 370 2514 genus
393 2453 479 2495 omne
503 2435 581 2513 quod
604 2441 650 2495 est
672 2438 804 2495 veterino
827 2437 939 2495 semine
961 2442 1094 2517 partum,
1116 2458 1158 2499 ees

225 2522 430 2602 lanigeraeque
454 2522 542 2583 simul
563 2523 693 2601 pecudes
716 2530 745 2583 et
767 2521 876 2584 bucera
902 2522 997 2598 saecla

226 2614 323 2671 omnia
347 2618 415 2672 sunt
436 2610 589 2671 hominum
610 2611 720 2672 tutelae
742 2611 861 2692 tradita,
883 2611 1015 2672 Memmi:

156 2717 207 2769 856
226 2717 294 2759 nam
316 2699 421 2778 cupide
443 2699 545 2777 lugere
568 2699 659 2780 ieras,
681 2717 843 2778 pacemque
866 2706 966 2760 secuta

155 2797 213 2847 866
226 2794 295 2848 sunt
318 2793 348 2847 et
369 2785 449 2866 larga
472 2805 525 2848 suo
549 2789 613 2847 sinc
636 2786 742 2866 pabula
764 2795 848 2866 parta
870 2787 982 2869 labore,

226 2893 300 2955 quae
324 2875 426 2935 damus
449 2875 583 2936 utilitatis
607 2893 710 2935 eorum
732 2878 863 2954 praemia
885 2894 980 2936 cansa.
1117 2899 1158 2939 ero

227 2971 256 3024 at
278 2965 344 3042 quis
367 2962 409 3023 nil
431 2962 537 3023 horum
559 2962 664 3024 tribuit
686 2970 804 3044 natura,
815 2981 881 3030 ,nec
904 2966 968 3043 ipsa

226 3058 329 3130 sponte
353 3069 406 3111 sua
428 3058 550 3130 possent
572 3058 606 3112 ut
627 3053 724 3112 vivere
748 3069 803 3111 nec
826 3051 897 3111 dare
919 3050 1006 3111 nobis

156 3157 208 3207 000
227 3137 383 3200 utilitatem
406 3137 547 3219 aliquam,
570 3157 661 3218 quare
683 3147 851 3218 pateremur
874 3158 975 3200 eorum

156 3225 374 3305 871praesidio
397 3233 498 3286 nostro
520 3229 602 3306 pasci
625 3245 718 3305 genus
741 3245 866 3306 esseque
889 3235 998 3309 tutum,

227 3312 353 3391 scilicet,
374 3312 447 3372 haec
471 3312 535 3374 aliis
558 3315 684 3393 praedae
707 3314 847 3395 lucroque
870 3317 1006 3378 iacebant
1119 3338 1159 3379 011

225 3399 397 3478 indupedita
420 3402 480 3460 suis
505 3400 641 3462 fatalibus
664 3406 762 3464 omnia
784 3403 902 3486 vinclis,

225 3489 319 3548 donec
342 3486 377 3546 ad
401 3489 554 3549 interitum
577 3507 670 3567 genus
692 3493 723 3552 id
745 3499 850 3554 natura
871 3490 1023 3573 redegitll
