2484 3800
548 152 588 209 VI
1013 154 1076 221 201

58 318 138 368 1080
157 300 237 381 quod
259 302 352 379 magis
375 300 406 361 in
429 299 525 379 lapide
548 301 604 361 boc
627 302 694 363 lieri
715 301 853 381 ferroque
875 301 999 363 videtur.

201 389 287 453 Nunc
310 390 385 450 ratio
409 407 483 467 quac
508 391 547 450 sit
568 389 692 470 morbis,
714 397 765 451 aut
786 391 864 451 unde
887 398 1009 470 repente
1026 412 1081 454 roeo

157 478 342 539 mortiferam
363 479 459 556 possit
481 476 594 539 cladem
617 478 744 539 conflare
767 486 868 541 coorta

58 572 144 625 1090
157 566 292 628 morbida
315 568 359 627 vis
381 566 534 626 bominum
557 568 662 646 generi
682 566 888 645 pecudumque
912 568 1037 628 00101110

159 655 321 734 expediam
357 656 487 733 primum
509 654 670 715 multarum
692 657 805 717 semma
827 672 929 715 rerum

60 758 225 809 10810000
249 760 339 821 supra
361 742 450 804 docui
473 760 547 821 quae
571 745 632 805 sint
654 742 754 804 vitalia
775 742 876 823 nobis,

159 837 190 892 et
210 837 314 892 contra
337 849 411 909 quae
435 833 495 891 sint
517 831 620 892 morbo
643 834 791 910 mortique
814 838 974 892 necessest
1026 854 1078 895 aces

158 919 251 981 multa
272 918 384 981 volare:
407 937 441 981 ea
464 937 532 980 cum
554 938 625 981 casu
648 927 718 981 sunt
739 920 815 981 torte
838 926 938 981 coorta

60 1012 190 1068 109501
211 1006 423 1087 perturbarunt
446 1006 573 1089 caelum,
595 1009 629 1069 iit
650 1007 804 1069 morbidus
826 1012 886 1069 aer.

159 1103 248 1176 atque
271 1114 305 1156 ea
327 1097 372 1157 vis
395 1097 492 1157 omnis
514 1096 687 1157 morborum
708 1095 912 1176 pestilitasque

63 1199 140 1251 1000
160 1191 211 1245 aut
233 1186 417 1247 extrinsecus
440 1191 474 1245 ut
496 1183 590 1245 nubes
612 1183 796 1263 nebulaeque
819 1201 949 1262 superne

158 1291 215 1352 per
237 1270 351 1334 caelum
372 1274 507 1354 veniunt,
531 1279 581 1335 aut
603 1275 668 1352 ipsa
690 1291 778 1352 saepe
802 1279 920 1333 coortae
1027 1294 1079 1335 noo

160 1361 197 1422 de
219 1368 299 1421 terra
322 1368 459 1441 surgunt,
481 1359 534 1421 ubi
556 1367 694 1441 putorem
715 1361 815 1422 umida
837 1366 952 1423 nactast

66 1456 144 1509 1100
158 1451 374 1529 intempestivis
396 1448 562 1529 pluviisque
586 1456 616 1511 et
639 1448 751 1510 solibus
773 1452 839 1510 icta.

160 1556 259 1598 nonne
281 1537 364 1598 vides
386 1539 476 1598 ctiam
498 1536 573 1598 caeli
595 1539 723 1599 novitate
746 1543 777 1597 et
799 1554 941 1617 aquarum

66 1642 142 1694 1095
161 1628 300 1705 temptari
321 1625 426 1706 procul
448 1644 465 1687 a
486 1628 581 1705 putria
604 1628 782 1705 quicumque
804 1625 951 1704 domoque

162 1714 321 1776 adveniunt
343 1714 410 1775 ideo
434 1716 503 1793 quia
525 1712 611 1793 longe
634 1714 828 1793 discrepitant
850 1711 920 1775 res?
1027 1734 1079 1777 nos

161 1821 230 1863 nam
253 1801 324 1881 quid
347 1801 509 1863 Brittannis
532 1802 647 1864 caelum
669 1803 789 1864 dillerre
811 1810 962 1883 putamus,

66 1897 144 1952 1105
161 1897 191 1953 et
214 1891 292 1970 quod
315 1892 347 1952 in
369 1890 541 1973 Aegyptost,
563 1911 621 1972 qua
643 1892 748 1954 mundi
769 1891 912 1953 claudicat
934 1892 1011 1972 aris,

163 1979 269 2059 quidve
292 1978 371 2058 quod
393 1982 424 2040 in
447 1979 569 2042 Pontost
591 1981 725 2061 (11110110,
748 1987 778 2040 01
799 1979 930 2040 Gadibus
952 1987 1039 2058 atque

68 2086 144 2136 1100
162 2086 257 2146 usque
281 2068 317 2129 ad
339 2070 425 2147 nigra
446 2070 543 2128 virum
565 2075 705 2146 percocto
728 2067 823 2128 saecla
846 2063 966 2128 colore?

164 2174 237 2235 quae
261 2175 330 2217 cum
352 2162 490 2235 quattuor
512 2158 591 2216 inter
613 2173 646 2216 se
668 2155 786 2215 diversa
807 2154 940 2216 videmus
1028 2176 1081 2217 mo

164 2252 302 2324 quattuor
324 2263 341 2305 a
363 2246 458 2305 ventis
481 2250 511 2304 et
532 2241 608 2304 caeli
629 2242 763 2322 partibus
786 2261 865 2324 esse,

68 2341 224 2394 motum
248 2332 329 2395 color
351 2341 381 2392 et
403 2332 493 2393 100100
516 2331 670 2392 bominum
692 2331 802 2392 distare
824 2330 962 2392 videntur

164 2421 284 2500 largiter
306 2428 336 2482 et
358 2419 455 2481 morbi
476 2421 640 2499 generatim
663 2418 759 2480 saecla
781 2426 892 2481 tenere.

70 2526 145 2576 1101
164 2517 211 2571 001
232 2509 350 2589 elephas
372 2507 494 2570 morbus
518 2509 569 2588 qui
590 2515 713 2588 propter
734 2508 857 2568 flumina
878 2506 939 2568 Nili

164 2599 294 2678 gignitur
302 2598 432 2677 Aegypto
446 2599 477 2657 in
491 2596 597 2676 media,
611 2614 708 2675 neque
722 2603 1081 2675 praetereausquam.111a

164 2686 281 2747 Atthide
304 2692 485 2765 temptantur
506 2703 641 2765 gressus,
663 2684 800 2763 oculique
823 2686 856 2745 in
877 2684 1001 2746 Achaeis

72 2774 281 2836 inclinibus.
318 2774 386 2835 inde
409 2773 474 2834 aliis
497 2773 572 2834 alius
594 2772 677 2834 locus
700 2781 747 2834 est
768 2774 908 2834 inimicus

164 2861 298 2942 partibus
321 2881 354 2923 00
376 2861 531 2924 membris:
553 2863 653 2922 varius
676 2863 833 2923 concinnat
855 2861 886 2921 id
909 2865 969 2922 001.

75 2967 147 3018 1110
164 2950 288 3031 proinde
311 2951 363 3012 ubi
386 2969 417 3011 se
441 2951 554 3012 caelum
577 2949 656 3029 quod
679 2950 765 3011 nobis
788 2950 864 3010 forte
887 2949 1016 3012 alienum

165 3046 329 3101 commovet
351 3046 438 3119 atque
460 3043 512 3100 001
533 3041 673 3100 inimicus
696 3056 817 3118 serpere
839 3040 950 3120 coepit,
1031 3061 1083 3101 naa

164 3135 199 3188 ut
220 3127 328 3188 nebula
350 3146 384 3188 ac
406 3126 500 3189 nubes
522 3127 665 3206 paulatim
686 3128 765 3205 repit
786 3133 816 3188 et
837 3143 924 3188 omne

78 3223 152 3275 1110
166 3234 223 3295 qua
246 3214 379 3295 graditur
401 3214 557 3276 conturbat
580 3222 610 3278 01
633 3217 789 3279 immutare
812 3222 937 3295 coaetat,

164 3305 199 3364 iit
222 3322 338 3384 quoque
361 3310 403 3383 ut,
426 3305 457 3364 in
477 3311 612 3365 nostrum
631 3322 699 3364 cum
716 3305 798 3364 venit
815 3303 943 3382 denique
961 3301 1082 3383 eaelum,

78 3409 147 3460 1110
166 3399 336 3471 corrumpat
357 3391 518 3471 reddatque
542 3395 589 3453 sui
612 3392 708 3453 simile
732 3399 820 3471 atque
843 3391 980 3452 alienum.

165 3480 237 3540 haec
259 3482 350 3560 igitur
372 3478 470 3540 subito
494 3479 591 3541 clades
614 3499 689 3542 nora
712 3481 916 3561 pestilitasque
1032 3499 1084 3540 nas
