2484 3800
564 114 603 169 IV

78 274 141 326 910
155 277 192 320 00
215 260 282 320 fieri
305 261 419 338 negites
443 279 517 339 quae
541 261 637 322 dicam
659 280 762 343 posse,
785 271 925 342 retroque

78 362 137 413 800
154 367 224 409 vera
245 347 409 427 repulsanti
432 347 565 409 discedas
588 357 708 429 pectore
733 351 824 432 dicta,

155 443 280 497 tutemet
302 438 334 496 in
356 435 441 515 culpa
464 455 532 497 cum
555 439 597 497 sis
620 456 717 516 neque
740 458 863 501 cernere
887 442 992 519 possis.
1053 460 1093 503 ms

155 526 305 603 principio
328 542 449 586 somnus
471 526 505 585 lit
527 524 608 586 ubist
631 526 770 588 distracta
792 545 847 606 per
869 536 950 589 artus

155 615 200 673 ris
223 615 338 673 animae
361 616 527 692 partimque
551 614 629 675 foras
653 616 747 675 eiecta
769 618 894 675 recessit

82 717 140 768 915
155 708 186 761 et
207 703 316 779 partim
339 708 477 762 contrusa
499 704 593 780 magis
616 705 764 763 concessit
785 705 816 763 in
839 702 943 764 altum:

83 805 138 855 000
157 788 362 850 dissoluuntur
384 791 463 849 enim
486 796 549 849 tum
572 790 691 851 demum
713 790 846 851 membra
868 791 1031 871 lluuntqne.

155 895 225 938 nam
248 877 370 938 dubium
393 896 453 937 non
476 884 533 958 est,
557 880 666 939 animai
683 882 761 958 ‚quin
783 897 872 959 opera
895 882 934 940 sit
1053 903 1094 943 000

157 983 263 1027 000000
285 965 336 1026 100
358 968 390 1025 10
411 965 511 1046 00100,
534 985 622 1045 quem
646 985 715 1028 cum
738 985 827 1046 sopor
849 968 962 1047 inpedit
985 986 1065 1049 esse,

155 1063 219 1115 tum
242 1053 328 1114 nobis
351 1056 477 1115 animam
500 1054 701 1133 perturbatam
724 1073 789 1115 esse
812 1056 1004 1135 putandumst

86 1158 144 1211 000
155 1145 338 1221 eiectamque
362 1143 453 1223 loras3
476 1160 536 1202 non
559 1161 689 1203 omnem:
712 1161 838 1221 namque
861 1146 971 1205 iaceret

86 1246 137 1297 000
157 1237 278 1292 aeterno
302 1248 409 1309 corpus
432 1230 586 1309 perfusum
608 1231 718 1309 frigore
740 1231 801 1291 leti.

156 1322 280 1399 quippe,
302 1318 354 1378 nbi
376 1318 455 1379 00110
478 1317 572 1379 latens
595 1321 704 1379 animai
726 1338 794 1398 pars
816 1326 983 1381 remaneret
1054 1340 1094 1382 000

155 1411 189 1468 10
212 1406 367 1486 membris,
389 1409 489 1467 cinere
512 1414 546 1468 ut
566 1407 659 1468 multa
681 1406 751 1468 latet
773 1407 896 1469 obrutus
918 1410 1009 1489 ignis,

155 1495 236 1557 unde
259 1494 416 1555 reconflari
439 1513 543 1555 sensus
566 1513 620 1574 000
643 1495 775 1556 membra
797 1502 919 1574 repente

84 1600 142 1652 925
156 1590 272 1664 posset,
294 1590 328 1644 ut
351 1601 386 1643 er
409 1585 472 1661 igni
495 1601 581 1643 caeco
604 1601 784 1662 consurgere
807 1582 944 1645 damma?

85 1688 138 1739 910
203 1671 260 1731 Sed
285 1670 391 1749 quibus
413 1671 486 1731 haec
508 1671 598 1732 rebus
621 1674 735 1732 novitas
758 1674 878 1753 confiat,
901 1680 932 1733 et
952 1673 1031 1733 unde

156 1759 327 1839 perturbari
349 1762 445 1820 anima
468 1766 498 1819 et
520 1778 628 1839 corpus
651 1760 841 1839 languescere
863 1763 970 1842 possit,
1054 1783 1094 1826 000

158 1847 324 1929 expediam:
348 1854 381 1909 tu
404 1848 449 1909 lac
472 1866 509 1908 00
531 1850 627 1909 ventis
650 1848 739 1910 rerba
761 1849 944 1928 profundam.

157 1938 305 2017 principio
329 1944 449 1997 externa
472 1955 580 2015 corpus
603 1937 640 1996 dc
662 1945 745 2016 parte
767 1945 966 2019 necessumst,

84 2027 247 2094 senatuis
270 2027 408 2103 quoniam
430 2027 561 2085 ricinum
582 2026 714 2103 tangitur
736 2028 830 2106 auris,

68 2131 138 2180 ·915
158 2113 279 2175 tundier
302 2120 389 2192 atque
412 2115 477 2174 eius
500 2112 605 2173 crebro
628 2112 774 2192 pulsarier
796 2116 871 2194 ictu,

158 2208 374 2281 proptereaque
397 2202 460 2261 iere
482 2219 530 2261 res
554 2219 658 2261 omnes
680 2209 730 2262 aut
753 2203 833 2261 corio
857 2208 927 2262 sunt
1055 2224 1094 2265 oss

159 2292 320 2351 autetiam
343 2289 463 2350 conchis
486 2296 536 2349 aut
558 2289 632 2350 callo
655 2297 706 2350 aut
728 2291 837 2350 cortice
860 2297 963 2351 tectae.

159 2375 333 2438 interiorem
356 2379 444 2438 etiam
466 2384 580 2456 partem
604 2377 785 2456 spirantibus
808 2382 859 2437 000

82 2482 141 2535 935
159 2466 296 2527 verberat
317 2466 367 2526 bic
388 2465 480 2546 idem,
503 2483 571 2526 cum
594 2465 712 2527 ducitur
735 2473 822 2545 atque
845 2464 975 2526 reflatur.

83 2570 140 2622 000
159 2572 250 2635 quare
273 2555 422 2632 utrimque
445 2571 531 2614 secus
555 2572 623 2614 cum
646 2547 753 2633 cor'pus
776 2553 905 2633 vapulet,
928 2561 958 2614 et
981 2572 1047 2614 cum

159 2644 333 2723 perveniant
353 2642 455 2721 plagae
477 2659 531 2720 per
553 2660 643 2720 parva
665 2643 808 2702 loramina
830 2641 916 2701 nobis
1056 2664 1096 2705 uo

160 2732 293 2810 corporis
317 2729 353 2790 ad
375 2732 486 2809 primas
509 2732 602 2808 partis
626 2730 829 2808 elementaque
851 2731 960 2809 prima,

158 2820 193 2880 fit
216 2820 300 2899 quasi
322 2817 462 2896 paulatim
484 2817 570 2878 nobis
593 2836 648 2897 per
669 2817 802 2877 membra
824 2818 918 2876 ruina.

85 2925 144 2977 940
159 2905 374 2968 conturbantur
396 2908 475 2966 enim
497 2908 648 2985 positurae
670 2907 885 2985 principiorum

85 3013 139 3063 000
159 2996 294 3074 corporis
317 3001 404 3073 atque
428 2997 527 3054 animi.
563 2995 596 3053 fit
618 2995 664 3054 uti
686 3012 755 3072 pars
778 2992 846 3052 inde
870 2993 978 3052 animai

158 3085 295 3163 eiciatur,
319 3090 349 3143 et
371 3085 532 3143 introrsum
555 3099 625 3161 pars
648 3080 746 3141 abdita
769 3079 866 3160 cedat,
1056 3102 1096 3144 ms

158 3191 227 3251 pars
250 3173 339 3232 etiam
362 3170 502 3230 distracta
523 3188 578 3249 per
600 3176 682 3230 crtus
706 3186 765 3229 000
789 3176 876 3247 queat
898 3187 964 3229 esso

159 3262 314 3321 coniuncta
337 3261 415 3319 inter
438 3276 471 3318 se
494 3276 590 3337 neque
613 3264 696 3318 motu
718 3263 820 3318 mutua
840 3256 937 3336 fungi:

83 3365 142 3417 945
156 3351 235 3409 inter
258 3349 338 3409 enim
361 3349 456 3425 saepit
479 3354 580 3407 coetus
600 3353 704 3407 natura
726 3348 860 3425 viasque:

84 3455 138 3506 930
157 3455 228 3516 ergo
252 3454 359 3498 sensus
381 3434 443 3495 abit
463 3437 584 3495 mutatis
607 3434 737 3496 motibus
761 3433 831 3516 alte,
