2484 3800
597 161 637 215 ΠΙ

181 307 336 367 vermibus
360 314 390 367 et
412 308 511 385 privas
534 309 566 367 in
589 325 714 385 corpora
736 325 824 387 posse
846 311 948 369 venire

182 395 283 456 credis
306 412 362 455 nec
383 401 504 473 reputas
527 414 580 455 cur
602 395 684 455 milia
707 394 799 455 multa
821 399 985 458 animarum

182 485 362 544 conveniant
384 483 463 543 unde
486 502 545 543 una
567 485 738 563 recesserit,
760 484 817 544 hoc
840 492 938 545 tamen
961 492 1062 558 estut
1085 507 1125 549 aas

184 572 389 651 quaerendum
411 570 546 631 videatur
568 578 598 631 et
620 574 652 631 in
675 571 834 632 discrimen
857 573 1015 654 agendum,

100 676 164 725 '125
183 667 287 721 utrum
309 659 429 719 tandem
451 662 564 719 animae
588 666 733 720 venentur
756 661 868 720 semina
892 679 1025 740 quaeque

182 747 414 808 vermiculorum
438 749 577 827 ipsaeque
602 746 660 808 sibi
682 747 865 808 fabricentur
886 747 938 808 ubi
961 752 1034 829 sint,

183 854 223 896 an
246 838 332 915 quasi
355 834 529 914 corporibus
551 835 693 914 perlectis
715 837 913 896 insinuentur.

184 931 217 984 at
237 942 336 1003 neque
360 941 414 983 cur
436 923 545 983 iaciant
562 925 645 1001 ipsae
669 941 795 1001 quareve
819 923 952 984 laborent
1085 946 1125 987 no

184 1011 287 1072 dicere
306 1011 481 1089 suppeditat
513 1028 610 1089 neque
630 1012 718 1092 enim,
739 1013 802 1071 sine
822 1029 945 1090 corpore
965 1030 1032 1071 cum
1047 1017 1123 1091 sunt,

104 1117 164 1166 730
191 1099 336 1159 sollicitae
358 1098 481 1158 volitant
503 1098 616 1158 morbis
639 1098 764 1177 alguque
788 1099 935 1178 fameque:

186 1205 297 1265 corpus
319 1188 400 1247 enim
422 1188 515 1264 magis
538 1187 585 1247 his
608 1188 688 1247 vitiis
712 1186 807 1247 adfine
829 1186 955 1268 laborat,

186 1282 217 1335 et
240 1274 316 1334 mala
338 1273 430 1334 multa
453 1276 569 1333 animus
592 1281 714 1353 contage
738 1275 870 1353 iungitur
893 1277 966 1335 eius.

187 1363 240 1423 sed
263 1370 362 1422 tamen
385 1362 432 1421 his
455 1368 518 1421 esto
542 1364 675 1440 quamvis
700 1362 796 1422 iacere
819 1362 890 1423 utile
915 1381 1022 1442 corpus
1086 1384 1124 1425 res

187 1453 239 1511 cui
261 1450 398 1510 subeant:
422 1456 452 1509 at
474 1468 532 1528 qua
554 1453 670 1528 possint
692 1452 738 1510 ria
761 1449 841 1510 nulla
863 1450 987 1512 videtur.

107 1555 167 1606 ‘tao
186 1539 259 1599 baut
281 1540 372 1617 igitur
394 1537 507 1598 faciunt
528 1540 642 1598 animae
666 1538 724 1598 sibi
746 1556 869 1616 corpora
893 1545 922 1599 et
944 1546 1034 1599 artus.

186 1645 243 1687 nec
266 1633 366 1686 tamen
388 1632 434 1685 est
456 1627 541 1703 utqui
563 1626 705 1703 perfectis
726 1628 914 1686 insinuentur

187 1713 376 1793 corporibus:
398 1731 495 1791 neque
519 1714 598 1773 enim
620 1720 760 1792 poterunt
783 1714 931 1793 suptiliter
954 1733 1020 1775 esse

186 1820 330 1881 conexae,
353 1819 449 1879 neque
473 1819 636 1862 consensus
659 1804 793 1880 contagia
815 1804 894 1863 fient.
1085 1824 1125 1863 uo

231 1889 365 1969 Denique
388 1908 441 1950 cur
464 1891 541 1950 acris
564 1887 702 1950 violentia
724 1892 808 1951 triste
832 1889 951 1952 leonum
1029 1913 1035 1924 ·

111 1996 167 2045 ‘140
187 1980 348 2039 seminium
371 1979 519 2058 sequitur,
541 1977 643 2056 volpes
666 1977 763 2059 dolus,
787 1986 817 2039 et
839 1980 907 2058 luga
930 1996 1046 2057 cervos,

607 2083 633 2122 ¹*

186 2061 205 2214 [ji
227 2152 366 2233 patribus
388 2153 476 2213 datur
499 2160 529 2212 et
551 2155 664 2231 patrius
687 2172 776 2233 paror
799 2155 903 2215 incitat
925 2148 1043 2227 artusss

188 2249 220 2302 et
241 2243 300 2300 iam
324 2247 422 2300 cetera
445 2240 481 2300 do
505 2258 613 2318 genere
636 2241 692 2301 hoc
716 2260 769 2301 cur
791 2245 888 2302 omnia
910 2240 1052 2301 membris

187 2349 225 2390 ex
248 2331 370 2389 ineunte
393 2345 464 2388 acro
487 2336 684 2406 generascunt
707 2331 898 2410 ingenioque,
1086 2346 1125 2388 ns

188 2420 216 2478 si
238 2435 311 2496 non,
335 2421 416 2476 certa
439 2433 493 2475 suo
516 2419 584 2494 quia
607 2419 720 2477 semiue
744 2420 927 2496 seminioque

112 2523 168 2575 ⁷45
187 2507 234 2565 vis
257 2506 349 2564 animi
371 2505 483 2582 pariter
506 2506 613 2564 crescit
636 2524 704 2566 cum
726 2523 849 2585 corpore
873 2498 1011 2583 quoque?

188 2593 268 2672 quod
292 2594 319 2652 si
342 2589 507 2651 inmortalis
529 2592 607 2651 foret
629 2600 659 2653 et
680 2600 795 2653 mutare
819 2593 928 2653 soleret

188 2698 327 2758 corpora,
349 2681 505 2760 permixtis
527 2681 689 2740 animantes
713 2681 845 2741 moribus
868 2684 980 2740 essent:

188 2769 334 2846 effugeret
356 2769 438 2827 canis
460 2766 594 2845 Hyrcano
618 2767 654 2828 dc
678 2770 790 2828 semine
814 2786 901 2846 saepe
963 2805 966 2810 -
1087 2781 1127 2821 ⁷⁵⁰

188 2857 339 2934 cornigeri
361 2857 514 2914 incursum
536 2858 628 2935 cerri,
651 2861 850 2934 tremeretque
873 2871 928 2933 per
950 2865 1036 2910 auras

112 2962 167 3012 '150
188 2947 268 3004 aeris
292 2944 435 3020 accipiter
456 2943 572 3020 lugiens
594 2945 731 3003 veniente
754 2941 902 3021 columba,

173 3033 348 3110 desiperent
370 3030 518 3110 homines,
541 3037 679 3108 saperent
700 3030 763 3090 fera
786 3029 881 3090 saecla
905 3027 1043 3086 ferarum.

186 3119 261 3180 illud
285 3121 366 3178 enim
388 3115 460 3177 falsa
482 3118 578 3178 fertur
599 3119 727 3197 ratione,
751 3118 828 3196 quod
853 3118 936 3176 aiunt

187 3205 378 3268 inmortalem
400 3207 525 3264 animam
549 3210 661 3264 mutato
684 3222 807 3283 corpore
830 3202 924 3263 llecti:
1092 3219 1135 3260 aaa

187 3294 266 3374 quod
290 3299 422 3354 mutatur
444 3295 536 3371 enim,
560 3290 744 3372 dissolvitur⁷
767 3293 870 3352 interit
889 3299 970 3362 ergo.

112 3401 167 3451 ⁷66
187 3383 369 3443 traiciuntur
391 3382 471 3439 enim
493 3385 592 3457 partes
611 3384 698 3455 atque
723 3379 825 3439 ordine
849 3373 990 3449 migrant3

188 3487 281 3549 quare
305 3465 430 3527 dissolui
452 3483 569 3544 quoque
592 3464 701 3525 debent
722 3483 810 3544 posse
834 3478 890 3541 per
913 3461 1006 3527 artus,
