2484 3800
155 152 197 216 76
637 152 676 205 ΠΙ

224 316 320 377 usque
342 298 415 359 adeo
436 300 520 377 prius
543 307 590 359 est
610 300 642 359 in
664 298 750 359 uobis
772 297 862 358 multa
885 295 1023 357 ciendum

227 388 340 446 semina
362 386 536 465 corporibus
558 389 669 447 nostris
691 388 834 446 inmixta
856 402 910 465 per
932 392 1028 464 artus,
1123 395 1164 435 ³⁹³

226 492 313 553 quam
335 474 495 553 primordia
519 477 681 535 sentiscant
703 492 844 534 concussa
867 474 974 533 animai
1122 482 1165 523 ³⁹²

227 570 256 621 et
279 580 367 641 quam
389 564 422 623 in
443 562 490 622 his
513 562 675 623 intervallis
697 563 853 623 tuditantia
874 562 991 640 possint

156 664 208 715 395
227 667 403 711 concursare
425 653 506 711 coire
529 658 559 710 et
580 649 738 711 dissultare
760 651 898 710 vicissim.

270 737 308 798 Et
328 740 422 816 magis
444 746 491 798 est
512 741 628 798 animus
648 740 720 798 vitai
742 737 868 799 claustra
891 740 1032 797 coercens

226 831 257 885 et
279 825 476 886 dominantior
498 826 534 885 ad
557 828 647 885 vitam
670 828 823 905 quamvis
846 826 961 885 animai.

226 930 295 973 narn
318 915 382 974 sine
404 921 503 974 mente
526 916 681 992 animoque
704 916 807 992 nequit
828 912 960 973 residere
983 928 1038 989 per
1062 916 1148 970 artus

227 1003 370 1080 temporis
393 1004 528 1079 exiguam
548 1009 663 1080 partem
684 1020 753 1081 pars
776 1000 835 1061 ulla
858 1002 979 1079 animai,

157 1103 209 1153 400
228 1088 280 1149 sed
304 1107 402 1149 comos
425 1091 591 1167 insequitur
612 1088 697 1149 lacilc
721 1096 751 1149 et
773 1088 899 1149 discedit
919 1090 951 1147 in
975 1104 1063 1147 auras

227 1184 258 1237 et
279 1175 391 1255 gelidos
413 1184 494 1237 00000
517 1179 549 1237 in
571 1176 624 1237 leti
646 1177 755 1256 frigore
777 1176 892 1255 linquit.

228 1271 258 1324 at
278 1272 378 1325 manet
398 1266 430 1324 in
451 1266 511 1324 rita
533 1266 583 1325 cui
604 1282 689 1325 mens
712 1267 886 1343 animusque
907 1263 1062 1323 remansit.

229 1354 361 1430 quamvis
383 1359 430 1412 est
451 1354 564 1413 cneum
586 1354 680 1413 caesis
703 1352 783 1413 lacer
804 1352 935 1430 undique
957 1348 1115 1428 membris,

227 1445 360 1519 0000000,
381 1438 516 1518 adempta
538 1442 652 1501 animae
674 1442 704 1500 ri
725 1458 794 1501 cum
816 1438 1017 1517 membrisque
1040 1444 1164 1516 remota,

158 1528 299 1591 maurit
321 1533 351 1585 00
372 1526 518 1587 aetherias
539 1527 636 1587 vitalis
658 1530 783 1607 suscipit
804 1546 904 1589 auras:

228 1615 336 1672 sinon
358 1614 547 1696 omnimodis,
570 1622 599 1675 at
620 1633 726 1694 magna
748 1623 831 1695 parte
854 1616 963 1675 animai

228 1702 373 1779 privatus,
394 1708 493 1761 tamen
515 1705 547 1761 in
568 1705 630 1763 rita
652 1710 806 1764 cunctatur
829 1710 859 1763 et
880 1703 995 1782 baeret3

228 1794 275 1868 00,
296 1786 422 1848 lacerato
446 1788 529 1849 oculo
552 1792 664 1851 circum
687 1793 714 1850 si
736 1790 846 1870 pupula
866 1792 977 1850 mansit

228 1873 396 1956 incolumis,
419 1882 477 1936 stat
497 1877 642 1939 cernundi
664 1880 759 1939 vivata
780 1886 923 1960 potestas,

159 1978 211 2027 410
230 1962 300 2022 dum
321 1963 408 2023 modo
430 1982 468 2024 nc
489 1972 584 2025 totum
606 1984 779 2046 corrumpas
802 1967 923 2027 luminis
946 1965 1050 2027 orbem

229 2057 259 2110 00
281 2053 393 2111 circum
415 2051 519 2113 caedas
542 2055 635 2113 aciem
659 2053 808 2134 solamque
831 2055 996 2133 relinquas:

228 2132 281 2219 lid
304 2156 420 2217 quoqne
443 2142 522 2200 enim
545 2142 608 2201 sine
632 2145 764 2220 pernicie
787 2161 846 2203 non
869 2144 920 2202 liet
942 2137 1085 2220 eoruml

229 2233 259 2285 at
280 2227 307 2284 si
328 2225 439 2287 tantula
461 2245 530 2305 pars
552 2227 631 2288 oculi
652 2229 749 2290 media
771 2229 820 2290 illa
842 2236 989 2310 peresast,

230 2312 336 2373 occidit
358 2314 503 2393 extemplo
525 2314 626 2375 lumen
647 2317 847 2396 tenebraeque
870 2325 1020 2378 secuntur.

158 2414 211 2462 415
228 2399 383 2460 incolumis
406 2404 539 2480 0000000
560 2402 670 2482 alioqui
692 2405 864 2484 splendidus
888 2404 978 2466 orbis.

227 2486 284 2547 boo
310 2490 406 2548 anima
433 2496 519 2567 atque
546 2493 662 2552 animus
686 2495 778 2553 vincti
801 2499 871 2554 sunt
892 2493 1012 2553 foedere
1037 2509 1166 2571 semper.

271 2572 356 2635 Nunc
378 2593 444 2656 age,
465 2578 580 2637 nativos
603 2580 802 2640 animantibus
825 2588 855 2641 et
877 2579 1011 2642 mortalis

229 2677 295 2720 0000
317 2664 430 2723 animos
452 2666 622 2743 animasque
645 2665 718 2727 levis
740 2675 774 2728 00
795 2686 919 2729 noscere
942 2670 1055 2749 possis,

229 2751 391 2826 conquisita
414 2749 465 2810 diu
487 2751 625 2830 dulcique
648 2762 764 2833 reperta
787 2755 888 2816 labore

159 2833 316 2912 teodigna
337 2842 387 2896 tua
408 2856 529 2916 pergam
551 2839 709 2919 disponere
732 2846 863 2904 carmina
886 2861 965 2904 cura.

228 2926 262 2979 tu
284 2921 329 2981 lac
351 2931 506 3003 utrumque
528 2944 589 2986 uno
612 2928 667 2988 sub
690 2932 795 3008 iungas
817 2934 937 2992 nomine
962 2949 1066 2992 eorum

231 3014 317 3084 atque
339 3013 465 3072 animam
486 3013 570 3073 verbi
592 3033 680 3076 causa
702 3035 770 3077 cum
794 3018 893 3080 dicere
915 3036 1053 3101 pergam,

229 3094 381 3154 mortalem
404 3116 468 3159 esse
492 3100 610 3182 docens,
632 3106 762 3165 animum
785 3124 903 3186 quoque
926 3107 1027 3168 dicere
1051 3107 1169 3186 credas,

230 3187 373 3257 quatenus
396 3192 554 3248 estonum
577 3191 656 3250 inter
678 3210 710 3252 se
733 3196 951 3274 coniunctaque
974 3214 1024 3256 res
1048 3202 1103 3256 est

159 3280 211 3329 425
272 3266 420 3346 Principio
442 3278 580 3349 quoniam
600 3285 721 3338 tenuem
743 3289 880 3342 constare
904 3285 1028 3343 minutis

229 3353 402 3431 corporibus
425 3357 511 3419 docui
532 3362 683 3443 multoque
705 3369 873 3430 minoribus
896 3389 963 3431 0000

228 3441 383 3518 principiis
405 3441 510 3504 iactam
531 3466 619 3526 quam
642 3453 772 3532 liquidus
794 3475 882 3517 umor
905 3460 993 3536 aquai
