2484 3800
586 125 600 179 Ι
1055 126 1096 191 21

69 278 138 329 945
159 271 264 350 volgus
288 270 427 331 abhorret
449 270 485 331 ab
508 271 576 354 hac,
599 272 678 333 volui
702 272 756 333 tibi
779 273 995 352 suaviloquenti
1058 286 1099 328 ⁹4⁶

71 366 137 416 940
159 361 291 419 carmine
313 359 412 419 Pierio
435 362 580 421 rationem
603 378 751 439 exponere
774 369 906 423 nostram

162 455 191 508 et
213 449 299 526 55591
319 465 441 507 musaeo
464 447 544 509 dulci
566 451 739 528 contingere
761 450 861 531 melle;

162 538 188 595 si
210 535 266 596 tihi
288 536 364 596 forte
388 537 518 596 animum
541 536 594 596 tali
615 540 730 597 ratione
752 544 854 599 tenere

161 623 298 684 versibus
320 625 352 683 in
374 625 485 684 nostris
507 642 640 706 possem,
663 625 733 687 dum
755 628 901 705 perspicis
925 644 1042 687 omnem

75 718 146 769 950
162 719 297 772 naturam
319 729 434 792 rerum,
457 731 514 790 qua
537 720 653 773 constet
675 720 791 793 compta
814 714 915 791 figura.
1058 726 1098 769 ooo

78 807 143 857 945
205 799 264 860 Sed
288 801 428 879 quoniam
450 800 538 860 docui
560 800 739 861 solidissima
761 803 896 861 materiai

161 905 286 968 corpora
307 894 452 967 perpetuo
475 888 597 949 volitare
619 891 727 950 invicta
750 908 805 968 per
825 907 940 969 aevom,

160 995 241 1037 uuno
264 994 331 1056 age,
354 978 480 1039 summai
502 977 646 1055 quaedam
669 979 709 1038 sit
730 978 798 1037 finis
822 995 938 1057 eorum,

160 1082 255 1125 necne
279 1066 331 1145 sit,
353 1064 533 1125 evolvamusz
555 1066 627 1125 item
651 1064 729 1145 quod
751 1068 839 1127 inane
862 1071 1042 1144 repertumst

81 1160 145 1212 955
161 1171 216 1213 seu
234 1151 317 1213 locus
335 1171 370 1213 ac
388 1155 524 1233 spatium,
547 1171 597 1213 res
615 1154 648 1213 in
667 1171 724 1231 quo
744 1171 877 1232 quaeque
896 1160 1044 1233 gerantur,
1058 1166 1097 1207 955

82 1249 142 1298 950
160 1240 367 1321 pervideamus
390 1248 490 1301 utrum
513 1242 629 1301 finitum
652 1241 785 1303 funditus
807 1258 894 1303 omne

161 1335 291 1410 5559151,
312 1347 350 1389 an
372 1331 550 1389 immensum
572 1336 671 1408 pateat
692 1337 832 1409 vasteque
855 1330 1042 1409 profundum.

206 1416 301 1478 Omne
324 1416 403 1495 quod
426 1423 472 1477 est
493 1419 584 1495 igitur
606 1416 686 1477 mdia
708 1420 830 1496 regione
852 1421 965 1479 viarum

162 1506 320 1566 finitumst:
343 1523 471 1583 namque
494 1512 659 1566 extremum
682 1504 809 1567 debebat
829 1507 952 1568 habere:
1069 1532 1074 1543 ·

85 1601 147 1653 950
160 1600 327 1653 extremum
349 1611 437 1671 porro
460 1592 570 1654 nullius
592 1612 680 1674 posse
703 1594 820 1655 videtur
1058 1607 1098 1648 ⁹6⁰

86 1690 142 1739 955
161 1700 242 1763 5995,
265 1682 325 1741 5191
346 1680 424 1741 51155
448 1684 487 1741 911
509 1681 586 1760 quod
610 1682 706 1763 fluiat3
729 1690 763 1743 ut
784 1683 917 1743 rideatur

161 1788 220 1848 quo
243 1787 304 1829 non
326 1768 443 1847 longius
466 1769 538 1830 haec
561 1788 667 1831 sensus
690 1777 795 1831 natura
818 1779 966 1850 sequatur.

161 1875 241 1919 nune
264 1864 347 1919 extra
365 1876 510 1919 summam
533 1861 671 1938 quoniam
694 1858 736 1920 nil
759 1877 825 1920 esse
848 1860 1012 1941 fatendum,

161 1965 222 2006 uon
244 1946 334 2006 habet
356 1954 535 2027 extremum,
557 1956 639 2009 caret
662 1966 731 2026 crgo
755 1949 813 2010 fine
836 1949 990 2027 modoque.

86 2041 146 2093 955
161 2053 218 2096 555
240 2035 332 2096 refert
355 2034 463 2114 quihus
486 2035 611 2096 adsistas
633 2035 804 2114 regionibus
827 2039 905 2098 eius:
1059 2047 1098 2089 96⁵

87 2131 143 2181 950
161 2140 257 2202 59555
284 2123 372 2205 adeo,
400 2142 488 2202 quem
507 2125 632 2203 quisque
655 2123 753 2185 locum
774 2125 920 2206 possedit,
947 2127 978 2185 in
1002 2126 1098 2185 omnis

161 2211 335 2273 tantundem
357 2213 451 2291 partis
473 2212 621 2272 infinitum
644 2230 731 2272 omne
754 2211 903 2291 relinquit.

161 2308 316 2380 praeterea
338 2302 365 2361 si
388 2303 446 2360 iam
469 2301 586 2360 finitum
609 2302 806 2361 constituatur

163 2406 250 2449 omne
274 2388 352 2467 quod
375 2394 421 2448 est
444 2390 586 2469 spatium,
608 2389 702 2466 siquis
725 2396 882 2468 procurrat
904 2387 939 2448 ad
963 2405 1030 2448 oras

88 2482 148 2535 970
163 2475 286 2536 ultimus
309 2484 457 2536 extremas
479 2478 624 2555 iaciatque
647 2476 762 2537 volatile
781 2475 887 2556 telum,
1059 2488 1098 2530 tto

90 2563 194 2624 955111
216 2562 321 2624 validis
343 2571 443 2625 utrum
467 2571 634 2625 contortum
656 2564 769 2625 viribus
792 2567 836 2624 ire

163 2669 222 2730 quo
246 2652 336 2712 fuerit
357 2654 481 2713 missum
503 2655 596 2713 mavis
619 2652 764 2732 longeque
786 2652 898 2732 volare,

163 2756 201 2799 an
223 2739 381 2819 prohibere
404 2740 514 2819 aliquid
537 2759 643 2802 censes
667 2740 843 2819 obstareque
865 2737 976 2819 posse?

163 2827 340 2889 alterutrum
362 2829 481 2890 fatearis
504 2831 584 2890 euim
607 2847 765 2908 sumasque
788 2835 948 2889 necessest

91 2927 148 2978 975
162 2934 290 2996 quorum
312 2923 470 2994 utrumque
492 2915 548 2977 tibi
571 2918 711 2996 effugium
729 2916 893 2996 praecludit
911 2924 940 2977 51
959 2935 1046 2977 omne
1060 2929 1100 2970 90

90 3014 145 3064 oto
164 3007 243 3084 cogit
264 3012 298 3066 ut
320 3013 456 3084 exempta
478 3005 622 3066 concedas
646 3006 704 3065 fine
727 3012 836 3084 patere.

162 3111 231 3154 nam
255 3095 316 3153 sive
340 3100 386 3153 est
408 3092 518 3172 aliquid
541 3092 620 3172 quod
642 3092 765 3172 probeat
788 3094 953 3172 efficiatque

164 3199 223 3260 quo
245 3181 336 3241 miuu'
360 3199 418 3262 quo
441 3183 595 3242 missumst
616 3183 715 3242 veniat
737 3181 847 3260 finique
871 3180 948 3241 locet
971 3199 1018 3262 95,

164 3272 226 3330 sive
249 3270 329 3330 foras
352 3269 459 3350 fertur,
482 3287 541 3329 non
564 3276 610 3330 est
633 3287 649 3328 a
672 3270 729 3330 tine
752 3270 925 3349 profectum.

92 3364 149 3416 980
161 3356 218 3419 hoo
241 3365 326 3437 pacto
350 3376 458 3438 sequar
480 3365 581 3438 atque,
604 3376 671 3419 oras
693 3358 873 3439 ubicumque
896 3356 1002 3419 locaris
1061 3370 1101 3412 tto

93 3454 145 3506 tto
164 3454 324 3528 extremas,
348 3465 487 3527 quaeram
510 3447 581 3527 quid
604 3447 663 3510 telo
687 3449 815 3528 denique
839 3448 896 3508 fiat.
