2484 3800
175 160 217 225 78
658 158 697 212 ΙΠ

245 325 332 385 saepe
355 307 484 366 animus:
508 305 651 365 dementit
673 307 753 365 enim
776 304 927 383 deliraque
950 305 1041 386 fatur,

174 412 227 461 455
245 394 453 472 interdumque
476 396 558 472 gravi
580 393 711 471 lethargo
735 393 829 453 fertur
852 395 884 453 in
907 392 997 453 altum

245 489 456 561 aeternumque
479 500 615 560 soporem
638 481 733 541 oculis
755 487 888 559 nutuque
912 481 1041 561 cadenti3

244 570 322 631 unde
345 588 441 649 neque
465 569 583 630 exaudit
604 588 692 630 voces
714 587 770 630 nec
791 587 915 629 noscere
939 569 1033 629 voltus

244 658 362 719 illorum
385 659 464 737 potis
487 664 545 737 est,
567 657 603 717 ad
626 659 716 717 vitam
739 659 790 736 qui
812 663 983 719 revocantes

245 748 357 807 circum
380 751 458 805 stant
480 744 610 805 lacrimis
633 752 767 805 rorantes
790 763 841 805 ora
862 763 1019 824 genasque.

173 851 226 901 470
245 853 335 914 quare
358 836 489 893 animum
511 851 629 913 quoquc
651 833 776 894 dissolui
798 833 907 893 fateare
929 843 1092 912 necessest,

245 922 482 1001 quandoquidem
504 928 660 999 penetrant
682 923 713 981 in
737 940 805 981 eum
828 923 962 999 contagia
984 920 1088 981 morbi.
1103 920 1114 999 ll

243 1029 312 1072 nam
333 1009 418 1070 dolor
441 1028 474 1069 ac
496 1008 617 1070 morbus
640 1009 692 1069 leti
714 1008 872 1069 fabricator
894 1016 1061 1089 uterquest3

243 1098 404 1159 multorum
426 1099 516 1157 exitio
538 1097 673 1176 perdocti
696 1097 773 1177 quod
797 1116 899 1157 sumus
922 1103 998 1157 ante.
1134 1109 1171 1149 4²³

245 1187 372 1265 denique
395 1204 461 1266 cur,
483 1186 633 1245 bominem
656 1204 723 1245 cum
744 1187 805 1245 vini
828 1187 872 1245 vis
894 1187 1059 1264 penetravit
1135 1196 1172 1237 ⁴²⁶

173 1291 225 1341 475
246 1277 323 1335 acris
346 1276 429 1333 etin
452 1292 540 1333 renas
564 1273 701 1333 discessit
724 1272 834 1333 diditus
857 1273 957 1353 ardor,

243 1363 435 1441 consequitur
456 1364 582 1440 parius
605 1360 819 1443 membrorum,
840 1360 1073 1440 praepediuntur

244 1469 331 1511 cn1ra
352 1448 513 1531 vacillanti,
535 1448 677 1509 tardescit
699 1448 811 1529 lingua,
834 1449 933 1509 madet
954 1466 1054 1529 mens,

243 1545 314 1598 nant
336 1536 427 1617 oculi,
450 1537 560 1599 clamor
582 1536 729 1615 singultus
751 1539 847 1615 iurgia
868 1536 1010 1617 gliscunt,
1138 1550 1172 1589 4⁸⁰

244 1633 274 1685 et
295 1627 355 1685 iam
377 1631 476 1685 cetera
498 1624 534 1685 de
557 1643 665 1703 genere
688 1625 745 1685 boc
768 1643 970 1704 quaecumque
995 1631 1148 1705 secuntur,

173 1728 225 1780 450
244 1732 297 1773 cur
320 1730 354 1771 ea
377 1718 458 1792 sunt,
480 1714 539 1772 nisi
562 1713 639 1792 quod
662 1731 783 1773 vemens
805 1712 943 1773 violentia
965 1715 1027 1772 vini

245 1798 421 1861 conturbare
444 1801 570 1860 animam
592 1803 745 1861 consuevit
768 1819 890 1879 corpore
914 1802 945 1861 in
968 1796 1057 1879 ipso?

244 1894 273 1949 at
295 1906 499 1967 quaecumque
522 1895 635 1967 queunt
656 1888 826 1950 conturbari
848 1891 937 1968 inque
960 1888 1072 1970 pediri,

243 1977 420 2056 significant,
442 1976 529 2055 paulo
552 1979 579 2036 si
601 1978 704 2038 durior
726 1979 884 2038 insinuarit
1138 1990 1175 2032 oo

244 2083 345 2145 cansa,
366 2064 430 2124 lore
453 2071 486 2124 ut
507 2072 631 2143 pereant
653 2083 722 2125 aevo
745 2067 858 2144 privata
881 2065 989 2126 luturo.

172 2167 224 2219 485
242 2155 314 2232 quin
337 2155 426 2212 etiam
449 2152 546 2213 subito
567 2155 597 2212 vi
619 2151 716 2212 morbi
739 2171 826 2232 saepe
849 2160 967 2214 coactus

242 2248 309 2301 ante
332 2239 432 2301 oculos
455 2240 561 2319 aliquis
583 2247 715 2320 nostros,
737 2248 771 2300 ut
792 2240 924 2301 fulminis
948 2243 1022 2322 ictu,

242 2328 372 2390 concidit
394 2335 425 2388 et
447 2346 565 2407 spumas
587 2330 660 2408 agit,
682 2330 806 2406 ingemit
829 2335 858 2389 et
880 2330 982 2389 tremit
1005 2336 1103 2410 artus,

242 2417 363 2496 desipit,
386 2422 518 2476 extentat
540 2434 660 2495 nervos,
682 2422 851 2497 torquetur,
874 2416 991 2476 anhelat
1140 2431 1178 2471 tao

242 2507 457 2584 inconstanter,
479 2505 562 2564 etin
585 2503 718 2564 iactando
741 2504 873 2564 membra
896 2504 1004 2582 fatigat.

171 2608 224 2657 490
241 2594 396 2673 nimirum,
419 2593 488 2670 quia
510 2593 540 2650 vi
560 2590 658 2651 morbi
681 2591 820 2652 distracta
840 2610 895 2671 per
917 2598 998 2652 artus

664 2696 683 2736 e

241 2767 341 2827 turbat
363 2784 452 2844 agens
475 2767 615 2846 animam,
639 2785 777 2845 spumans
799 2770 837 2828 ot
856 2770 888 2828 in
911 2786 1039 2846 aequore
1065 2769 1144 2830 salso

241 2861 396 2914 ventorum
419 2853 522 2914 validis
544 2854 713 2915 fervescunt
734 2855 847 2916 viribus
870 2856 973 2916 undae.

241 2944 417 3020 exprimitur
438 2959 527 3020 porro
550 2944 690 3022 gemitus,
713 2945 781 3021 quia
804 2943 935 3004 membra
958 2943 1061 3005 dolore
1140 2958 1178 3000 too

241 3028 430 3109 adliciuntur,
453 3036 483 3089 et
505 3033 624 3090 omnino
647 3030 725 3109 quod
749 3033 861 3091 semina
882 3034 963 3092 vocis

171 3131 222 3180 495
242 3117 391 3176 eiciuntur
413 3123 443 3176 et
466 3135 517 3176 orc
539 3118 618 3178 loras
640 3118 800 3196 glomerata
822 3119 958 3180 teruntur

243 3221 299 3281 qua
323 3204 407 3280 quasi
429 3213 611 3266 consuerunt
633 3214 663 3266 et
685 3213 754 3266 sunt
776 3209 889 3268 munita
910 3209 976 3268 viai.

244 3290 419 3367 desipientia
441 3291 486 3371 tit,
509 3295 577 3370 quia
599 3296 644 3354 vis
667 3296 757 3354 animi
779 3301 867 3373 atque
890 3298 998 3356 animai

243 3375 436 3436 conturbatur
459 3383 500 3457 et,
522 3386 556 3439 ut
578 3380 677 3460 docui,
700 3382 793 3442 divisa
816 3401 950 3454 seorsum
1141 3399 1179 3441 ooo

493 3461 585 3543 [474]
602 3495 642 3518 =
657 3465 730 3530 510.
754 3467 855 3548 [45].
