2484 3800
171 148 212 212 10
663 146 677 199 Ι

238 293 377 373 paulatim
401 292 518 373 tribuit,
540 293 716 354 moderatim
740 310 875 353 crescere
899 309 1024 370 cogens,

238 380 318 443 nulla
341 388 440 460 potest
462 381 615 441 oculorum
638 383 718 441 acies
741 387 878 442 contenta
901 381 994 460 tucri,

167 477 294 530 3351111
315 487 405 548 porro
429 487 631 548 quaecumque
653 486 725 530 aevo
748 471 902 547 macieque
926 472 1106 546 senescunt,
1148 477 1187 516 ⁸²⁵
1239 518 1240 563 q

168 566 220 615 330
239 558 309 637 quid
333 576 449 636 quoque
472 560 606 618 amittant
629 559 660 618 in
683 564 816 636 tempore
840 573 964 618 cernere
988 556 1099 634 possis.
1239 622 1240 625 Ἴ

167 639 321 730 3331111111,
335 663 415 706 mare
426 664 501 724 quae
511 645 692 726 impendent,
700 663 788 706 vesco
798 644 858 705 saie
868 662 938 705 saxa
947 661 1057 723 peresa
1066 675 1113 685 —
1124 633 1133 723 b
1147 654 1186 694 asc
1239 638 1240 665 1

146 727 161 855 p
240 733 413 812 corporibus
436 735 531 794 caecis
554 735 645 811 igitur
667 740 772 793 natura
794 735 872 811 gerit
894 750 952 793 res.

308 841 345 882 ec
366 829 465 882 tamen
487 821 618 899 undique
642 838 783 900 corporea
807 824 914 900 stipata
936 827 1083 880 tenentur

169 917 225 968 330
239 912 338 971 omnia
360 917 477 970 natura:
500 927 627 988 namque
640 916 696 969 est
719 911 750 970 in
773 908 863 969 rebus
885 911 983 968 inane.
1149 920 1187 959 ³³⁰

169 1007 220 1057 315
241 998 318 1077 quod
342 997 398 1057 tibi
421 1015 563 1075 cognosse
586 1000 617 1057 in
641 997 741 1057 multis
764 999 822 1057 erit
843 996 918 1057 utile
941 995 1033 1057 rebus

239 1105 295 1148 nec
318 1088 396 1146 sinet
418 1091 566 1146 errantem
590 1084 724 1145 dubitare
747 1092 778 1145 et
801 1103 945 1163 quaerere
969 1102 1094 1163 semper

240 1175 276 1235 dc
301 1191 414 1234 summa
436 1191 538 1233 rerum
560 1180 590 1234 et
612 1175 723 1233 nostris
747 1172 882 1233 diffidere
906 1172 1003 1233 dictis.

240 1280 297 1340 qua
319 1268 454 1341 propter,
476 1260 558 1321 locus
581 1267 628 1320 est
650 1263 778 1320 intactus
801 1263 889 1321 inane
912 1278 1098 1339 vacansque:

170 1358 225 1409 335
242 1349 321 1429 quod
344 1351 370 1408 si
392 1366 452 1408 non
474 1354 566 1427 esset,
588 1347 668 1408 1111111
690 1350 804 1408 ratione
826 1350 941 1409 moveri
1147 1357 1184 1399 ⁸⁸⁵

170 1446 222 1496 330
241 1455 290 1497 res
312 1442 447 1516 possent,
470 1452 596 1512 namque
620 1436 750 1497 officium
774 1436 853 1514 quod
876 1438 1011 1515 corporis
1037 1441 1151 1516 exstat,

241 1524 359 1584 officere
383 1529 470 1601 atque
494 1520 625 1602 obstare,
648 1522 678 1582 id
700 1526 732 1583 in
755 1527 994 1603 omnitempore
1019 1523 1144 1584 adesset

242 1610 392 1689 omnibus;
414 1609 492 1670 haud
515 1611 605 1687 igitur
628 1613 786 1689 quicquam
808 1612 972 1689 procedere
996 1619 1117 1693 posset,

239 1701 419 1778 principium
444 1699 581 1775 quoniam
604 1698 730 1759 cedendi
752 1698 832 1760 nulia
855 1699 939 1760 daret
962 1718 1023 1760 res.

170 1796 225 1847 340
241 1794 271 1847 at
292 1803 372 1846 nunc
393 1802 448 1862 per
469 1787 561 1844 maria
584 1803 618 1845 11
641 1793 736 1846 terras
759 1786 945 1866 sublimaque
970 1787 1047 1848 caeli
1147 1802 1184 1842 ⁸4⁰

171 1872 333 1937 3351111111
356 1871 452 1933 modis
475 1872 575 1934 multis
599 1876 679 1935 varia
701 1878 815 1936 ratione
838 1878 952 1937 moveri

192 1968 200 1985 ·
242 1964 392 2023 cernimus
415 1967 481 2021 ante
505 1960 618 2042 oculos3
642 1981 730 2044 quae,
753 1966 862 2024 sinon
886 1972 967 2025 esset
989 1967 1095 2048 inane,

242 2068 302 2111 non
324 2058 384 2110 tam
407 2048 534 2110 sollicito
557 2057 639 2110 motu
661 2053 774 2128 privata
796 2060 935 2113 carerent

243 2156 331 2217 quam
354 2139 453 2216 genita
476 2140 595 2197 omnino
618 2137 699 2198 nulla
721 2140 836 2199 ratione
859 2141 1000 2220 tuissent,

171 2237 225 2288 345
242 2227 372 2305 undique
395 2227 535 2285 materies
559 2228 697 2304 quoniam
720 2228 826 2304 stipata
851 2230 992 2306 quiesset.

171 2326 223 2375 340
241 2321 395 2396 praetcrea
418 2315 549 2391 quamvis
573 2313 683 2373 solidae
706 2332 755 2374 res
778 2332 845 2375 esse
867 2322 1026 2397 putentur,
1145 2332 1183 2373 ass

241 2404 312 2464 hinc
334 2410 432 2463 tamen
456 2418 521 2461 esse
545 2399 614 2461 licet
636 2419 703 2460 raro
726 2419 794 2461 cum
818 2420 943 2481 corpore
957 2422 1085 2467 cernas.

241 2494 274 2552 in
296 2492 375 2551 saxis
399 2507 433 2549 ac
456 2487 605 2566 speluncis
628 2495 781 2566 permanat
802 2507 949 2567 aquarum

242 2578 372 2657 liquidus
395 2594 482 2637 umor
504 2582 534 2635 et
556 2573 697 2636 uberibus
720 2575 793 2636 ssent
815 2580 914 2639 omnia
937 2582 1046 2662 guttis3

171 2675 226 2726 350
243 2666 367 2743 dissipat
388 2666 421 2723 in
444 2680 551 2741 corpus
576 2680 641 2722 sese
667 2662 751 2724 cibus
774 2681 862 2725 omne
885 2669 1088 2751 animantum3
1144 2683 1182 2726 sao

172 2762 223 2813 345
243 2759 381 2814 crescunt
404 2750 523 2811 arbusta
545 2756 575 2809 et
596 2750 674 2810 fetus
697 2752 728 2810 in
751 2758 885 2830 tempore
909 2754 1053 2838 fundunt,

244 2840 320 2920 quod
345 2839 428 2899 cibus
451 2841 484 2899 in
506 2843 582 2898 totas
605 2854 700 2915 nsque
723 2836 759 2897 111
783 2840 934 2902 radicibus
958 2845 1028 2905 imis

241 2946 296 3008 per
317 2935 440 2987 truncos
462 2944 497 2986 ac
519 2942 573 3003 per
595 2942 693 2985 ramos
716 2925 892 2988 diffunditur
916 2934 1023 2992 omnis.

242 3019 321 3077 inter
343 3021 443 3093 saepta
466 3018 566 3073 meant
588 3030 674 3072 voces
698 3019 728 3072 et
750 3012 848 3074 clausa
871 3015 1031 3080 domorum

170 3113 225 3164 355
240 3102 459 3182 transvolitant,
482 3098 611 3178 rigidum
633 3107 785 3177 permanat
807 3102 902 3180 frigus
926 3105 964 3165 ad
987 3125 1071 3188 ossa,

170 3200 223 3251 330
242 3192 329 3275 quod,
350 3193 410 3251 nisi
427 3190 527 3250 inania
546 3189 614 3267 sint,
633 3206 690 3267 qua
707 3196 830 3267 possent
849 3208 975 3271 corpora
995 3213 1178 3278 quaequam

240 3284 383 3361 transire,
405 3278 485 3340 hand
508 3274 566 3336 ulla
590 3277 657 3335 fieri
678 3279 791 3337 ratione
815 3278 942 3341 videres.

241 3370 369 3449 denique
393 3385 446 3428 cnr
470 3364 541 3425 alias
565 3364 631 3424 aliis
653 3372 804 3443 praestare
827 3367 963 3431 videmus

239 3460 371 3538 pondere
393 3473 442 3516 res
466 3452 557 3514 rebus
580 3451 641 3513 nilo
664 3455 775 3515 maiore
797 3454 914 3533 figura?
