2484 3800
192 185 256 250 196
676 183 717 236 Vl

190 338 246 392 90⁵
261 332 318 392 hoc
340 332 432 407 igitur
454 329 521 389 tieri
542 346 660 408 quoque
681 332 715 389 in
736 329 788 389 illc
810 330 891 390 iente
913 329 1118 408 putandumst
1164 352 1202 391 scs
1231 383 1232 390 ,

306 418 390 488 Quod
413 423 562 497 superest,
584 434 672 495 agere
693 420 835 496 incipiam
856 436 915 496 quo
938 418 1059 478 foedere
1081 419 1138 477 iiat
1231 461 1232 494 9

191 523 244 573 eoo
262 513 396 585 naturae,
419 504 493 584 lapis
516 505 566 565 hic
587 513 622 565 ut
643 506 756 566 ferrum
778 506 888 566 ducere
909 508 1018 586 possit,

262 612 350 673 quem
371 593 505 671 Magneta
526 600 634 653 vocant
653 595 750 672 patrio
772 594 809 654 de
831 597 951 653 nomine
974 593 1058 675 Grai,

261 682 428 761 Magnetum
451 682 520 759 quia
542 684 582 741 sit
602 684 708 760 patriis
730 684 764 742 in
785 681 894 742 tinibus
916 689 1009 743 ortus.

191 778 246 829 910
261 771 340 831 hunc
361 770 496 830 homines
518 768 647 848 lapidem
667 772 826 831 mirantur:
848 772 958 850 quippe
980 777 1120 831 catenam
1166 794 1203 833 ern

263 877 349 938 saepe
373 876 410 918 ex
433 856 536 917 anellis
560 858 658 918 reddit
679 858 876 936 pendentibus
899 876 936 918 ex
959 876 1000 919 se.

191 950 393 1026 conquirique
416 948 526 1006 etenim
549 942 619 1005 lieet
640 946 791 1007 interdum
811 946 972 1025 pluresque
993 947 1100 1008 videre

262 1035 365 1095 ordine
388 1033 533 1094 demissos
556 1032 671 1094 levibns
692 1036 831 1095 iactarier
853 1037 946 1114 auris,

261 1142 339 1183 nnus
360 1120 413 1182 ubi
435 1140 472 1182 ex
494 1139 554 1181 uno
576 1121 724 1200 dependet
746 1130 850 1201 supter
872 1123 1049 1202 adhaerens,

191 1218 246 1270 915
262 1230 298 1271 ex
322 1209 437 1289 alioque
460 1209 535 1269 alius
558 1208 664 1288 lapidis
687 1212 748 1269 rim
769 1210 923 1289 vinclaque
945 1213 1058 1271 noscit:
1167 1233 1203 1275 sn

262 1317 357 1378 usque
380 1298 453 1358 aden
476 1305 684 1375 permananter
705 1300 750 1358 vis
772 1297 904 1377 pervalet
925 1300 998 1359 eius.

192 1403 244 1453 919
305 1386 368 1447 noc
391 1403 484 1464 genus
507 1387 539 1445 in
561 1385 652 1447 rebus
674 1387 880 1447 firmandumst
896 1386 989 1447 muita
1006 1389 1096 1465 prius
1115 1407 1202 1468 quam

262 1476 356 1554 ipsius
379 1476 425 1533 rei
446 1476 591 1534 rationem
613 1474 739 1535 reddere
760 1478 871 1555 possis,
1044 1536 1049 1546 ,

264 1570 294 1623 et
316 1563 440 1623 nimium
462 1561 557 1639 longis
581 1562 753 1640 ambagibus
775 1570 822 1624 est
844 1563 1024 1644 adeundum,

192 1657 320 1729 920qu0
343 1652 437 1727 magis
460 1656 585 1710 attentas
610 1652 690 1710 auris
713 1653 902 1730 animumque
925 1670 1060 1730 reposco.
1167 1676 1203 1715 ssu

306 1736 455 1816 Principio
479 1736 616 1799 omnibus
639 1738 675 1798 ab
697 1738 802 1820 rebus,
828 1757 1030 1819 quascumque
1052 1741 1201 1819 videmus,

193 1842 244 1890 915
262 1832 405 1905 perpetuo
428 1824 521 1885 fluere
544 1843 577 1885 ac
599 1828 678 1887 mitti
700 1829 858 1907 spargique
881 1834 1036 1888 necessest

263 1931 388 1992 corpora
410 1931 485 1991 quac
507 1915 615 1975 feriant
637 1914 738 1976 oculos
760 1919 916 1994 risumque
937 1916 1102 1976 lacessant:

263 2009 464 2082 perpetueque
488 2001 584 2063 fluunt
606 2005 696 2063 certis
720 2003 755 2064 ah
778 2003 869 2065 rebus
893 2004 1012 2084 cdorcs3

193 2097 250 2150 925
263 2091 357 2169 frigus
379 2092 403 2150 it
426 2109 442 2150 a
464 2089 576 2171 fluviis,
599 2090 680 2150 calor
702 2091 738 2151 ab
761 2091 836 2172 sole,
859 2099 959 2167 aestus
982 2091 1020 2151 ab
1043 2093 1136 2153 undis
1166 2113 1202 2154 ers

264 2180 413 2258 aequoriS,
437 2196 542 2239 exesor
564 2196 746 2259 moerorum,
769 2179 856 2240 litora
878 2187 1013 2258 propter:

193 2283 245 2333 999
263 2285 319 2327 uec
341 2268 415 2326 varii
438 2273 555 2327 cessant
577 2268 692 2327 sonitus
715 2285 834 2328 manare
856 2286 911 2347 per
935 2286 1035 2328 auras:

264 2354 391 2432 denique
414 2356 446 2413 in
469 2372 502 2414 os
526 2353 596 2414 salsi
617 2356 699 2414 venit
720 2365 807 2416 umor
830 2374 917 2434 saepe
941 2357 1071 2435 saporis,

263 2460 331 2503 cum
354 2459 434 2502 mare
457 2459 609 2502 versamur
631 2450 765 2524 propter,
789 2443 939 2522 dilutaque
962 2450 1067 2503 contra

192 2538 248 2590 930
264 2549 331 2590 cum
353 2532 465 2589 tuimur
487 2531 608 2590 misceri
630 2530 789 2612 absinthia,
813 2534 907 2610 tangit
929 2549 1053 2591 amarer.
1165 2556 1201 2594 ess

262 2636 357 2697 usque
381 2617 453 2677 adeo
477 2617 613 2678 omnibus
636 2617 672 2678 ab
691 2618 781 2679 rebus
799 2638 849 2680 res
867 2637 1002 2698 quaeque
1019 2619 1150 2679 fluenter
1165 2643 1200 2683 sss

193 2722 244 2772 999
262 2707 358 2767 fertur
381 2713 411 2766 et
434 2707 465 2765 in
488 2712 608 2766 cunctas
632 2706 791 2767 dimittitur
812 2707 943 2786 undique
966 2709 1075 2787 partis,
1164 2731 1201 2770 sae
1231 2746 1232 2797 ,

254 2813 310 2857 nec
333 2811 416 2854 mora
438 2811 494 2853 nec
515 2796 636 2872 requies
658 2795 824 2856 interdatur
845 2794 905 2854 ulia
927 2793 1052 2874 fluendi,

262 2889 407 2963 perpetuo
432 2883 569 2959 quoniam
593 2883 737 2942 sentimus
760 2890 791 2942 et
814 2882 942 2942 omnibu'
965 2899 1085 2960 semper
1231 2884 1232 2973 9

191 2976 246 3030 935
264 2987 386 3032 cernere
410 2968 528 3029 odorari
550 2967 621 3029 lieet
644 2976 673 3029 et
696 2972 807 3030 sentire
831 2988 944 3031 sonare.
1163 2994 1200 3034 sss
1231 3018 1232 3039 ,

307 3057 392 3120 Nunc
415 3059 510 3116 omnis
533 3063 665 3135 repetam
684 3076 772 3136 quam
789 3076 857 3118 raro
876 3075 998 3136 corpore
1018 3059 1079 3117 sint
1097 3076 1148 3119 res
1162 3081 1199 3121 sss
1231 3054 1232 3069 ¹

192 3161 244 3211 930
263 3161 507 3224 commemorare3
532 3144 610 3223 quud
633 3147 665 3206 in
686 3148 782 3224 primo
806 3164 922 3224 qunque
945 3147 1076 3205 carmine
1101 3146 1198 3207 claret

263 3233 372 3310 quippe
396 3233 515 3312 etenim,
538 3250 716 3311 quamquam
738 3233 845 3293 multas
867 3234 922 3293 hoc
944 3235 1076 3312 pertinet
1096 3235 1134 3294 ad
1153 3255 1200 3296 res
1231 3224 1232 3265 ³

262 3334 400 3397 noscere,
424 3321 618 3396 cumprimis
641 3319 717 3380 hanc
740 3320 776 3380 ad
798 3339 862 3381 rem
883 3323 1020 3400 protinus
1044 3322 1156 3405 ipsam,

193 3412 249 3465 940
266 3422 324 3483 qua
346 3404 382 3463 de
406 3403 553 3465 disserere
577 3406 745 3488 adgredior,
767 3409 885 3468 firmare
907 3418 1061 3468 necessest
1163 3437 1201 3476 940

264 3491 309 3552 nil
331 3508 397 3550 esse
421 3492 452 3550 in
473 3500 612 3570 promptu
634 3497 693 3555 nisi
715 3497 840 3556 mixtum
863 3514 969 3575 corpus
990 3497 1083 3556 inani.
1231 3454 1233 3541 d

1230 3738 1233 3777 Ι
