2484 3800
552 191 592 247 IV

143 338 256 399 diditur
279 345 310 399 et
332 357 415 399 rarae
437 358 492 418 per
514 339 589 400 flexa
612 340 756 400 foramina
778 340 903 420 linguae.

66 442 124 493 666
142 427 199 487 hoc
222 426 274 487 ubi
296 426 371 487 levia
394 435 462 487 sunt
485 430 630 488 manantis
654 446 776 506 corpora
800 432 876 510 suci,

67 532 128 583 621
143 517 273 576 suaviter
295 517 442 594 attingunt
465 523 495 575 et
517 518 647 576 suaviter
671 519 768 575 omnia
790 524 917 577 tractant

143 603 244 665 umida
266 603 377 682 linguai
399 606 512 664 circum
535 603 670 665 sudantia
691 603 813 683 templa:

142 700 172 753 at
195 699 298 753 contra
318 699 454 771 pungunt
476 710 597 753 sensum
620 692 808 771 lacerantque
832 700 944 774 coorta,
1040 714 1079 756 oea

144 788 252 860 quanto
277 798 409 858 quaeque
432 782 526 858 magis
549 787 620 841 sunt
642 783 800 860 asperitate
823 780 943 860 repleta.

67 886 124 935 616
144 868 252 929 deinde
275 868 407 947 voluptas
431 875 476 928 est
499 886 515 928 e
539 886 610 929 suco
634 869 692 929 line
715 868 817 948 palati:

68 974 131 1025 626
146 975 214 1017 cum
236 974 306 1015 vero
330 956 468 1017 deorsum
490 975 545 1035 per
567 957 666 1017 fauces
689 959 905 1037 praecipitavit,

142 1044 224 1105 nulla
245 1044 379 1123 voluptas
403 1052 461 1125 est,
485 1044 555 1105 dum
578 1046 674 1104 omnis
697 1047 729 1105 in
751 1045 863 1105 diditur
885 1052 979 1125 artus;

142 1152 199 1194 nec
221 1133 313 1192 refert
336 1135 493 1211 quicquam
516 1151 574 1211 quo
596 1135 676 1193 victu
699 1151 806 1212 corpus
830 1132 935 1212 alatur,
1041 1155 1079 1195 ceo

144 1220 302 1281 dummodo
326 1220 404 1299 quod
427 1223 526 1299 capias
549 1228 721 1281 concoctum
745 1221 846 1282 didere
869 1223 966 1300 possis

68 1325 123 1376 616
142 1308 265 1370 artubus
289 1315 319 1368 et
340 1309 483 1369 stomachi
505 1316 655 1369 umectum
678 1327 794 1369 servare
816 1315 958 1370 tenorem.

69 1415 126 1465 631
185 1396 271 1457 Nunc
293 1396 359 1457 aliis
381 1396 456 1457 alius
480 1400 531 1475 qui
554 1399 593 1457 sit
615 1396 700 1457 cibus
723 1403 756 1457 ut
778 1397 929 1458 rideamus

566 1503 584 1543 a

143 1572 310 1654 expediam,
334 1590 474 1654 quareve,
497 1573 562 1634 aliis
586 1573 665 1652 quod
687 1576 773 1634 triste
797 1581 826 1633 et
849 1581 1022 1655 amarumst,

142 1661 200 1722 hoc
221 1669 321 1721 tamen
344 1680 410 1722 6666
433 1661 498 1721 aliis
520 1663 615 1741 possit
637 1660 777 1741 perdulce
800 1661 907 1743 videri,
1040 1686 1079 1727 aaa

142 1757 283 1828 tantaque
306 1752 338 1809 in
359 1750 407 1809 his
429 1749 518 1810 rebus
542 1749 681 1810 distantia
706 1750 921 1831 differitasque,

70 1856 124 1907 620
143 1845 177 1899 ut
200 1838 279 1917 quod
302 1838 342 1898 ali
364 1837 448 1898 cibus
471 1846 517 1898 est
539 1838 605 1898 aliis
629 1838 691 1898 fuat
713 1856 779 1898 acre
803 1856 962 1921 venenum,

70 1943 128 1996 636
142 1935 190 1988 est
211 1934 244 1987 ut
267 1945 342 2006 quae
365 1945 501 2008 serpens,
523 1927 651 1987 hominis
675 1944 749 2005 quae
771 1934 848 1988 tacta
872 1927 969 1988 salivis

143 2017 269 2094 disperit
290 2034 324 2076 ac
346 2033 412 2075 sese
435 2015 600 2075 mandendo
624 2017 742 2076 conficit
764 2017 836 2094 ipsa.

142 2110 296 2183 praeterea
318 2103 404 2163 nobis
426 2110 603 2164 veratrumst
626 2121 692 2163 acre
715 2120 874 2184 venenum,
1040 2125 1079 2165 cro

143 2199 174 2252 at
196 2193 293 2270 capris
315 2191 417 2270 adipes
440 2199 470 2251 et
492 2190 693 2251 cotnmicihus
717 2197 811 2268 auget.

70 2297 124 2346 625
142 2287 178 2340 ut
201 2279 309 2358 quibus
331 2278 361 2339 id
384 2279 435 2339 fiat
457 2278 546 2340 rebus
568 2296 746 2357 cognoscere
769 2280 879 2358 possis,

70 2370 290 2448 641principio
313 2369 483 2427 meminisse
507 2367 592 2427 decet
614 2375 689 2446 quae
712 2367 840 2426 diximus
863 2373 943 2446 ante,

144 2458 258 2518 semina
280 2455 462 2516 multimodis
484 2457 515 2515 in
538 2454 627 2514 rebus
649 2456 740 2516 mixta
763 2457 866 2515 teneri.

143 2563 234 2624 porro
257 2562 359 2605 omnes
378 2562 579 2623 quaecumque
599 2542 697 2603 cibum
716 2545 836 2622 capiunt
853 2543 1078 2622 ommutesco

143 2640 178 2693 ut
201 2640 270 2693 sunt
291 2632 451 2692 dissimiles
474 2634 658 2692 extrinsecus
681 2639 712 2692 et
733 2633 896 2710 generatim

71 2739 124 2789 666
143 2723 254 2782 extima
275 2720 476 2781 membrorum
499 2722 610 2780 circum
634 2738 754 2781 caesura
778 2724 906 2798 coercet,

71 2827 127 2877 646
141 2808 266 2889 proinde
289 2827 326 2868 ex
348 2807 511 2868 seminibus
535 2815 670 2868 constant
691 2811 821 2868 variante
845 2807 945 2884 ligura.

144 2899 257 2958 semina
281 2915 348 2957 cum
370 2915 460 2975 porro
482 2897 605 2977 distent,
629 2896 747 2956 dillerre
770 2901 921 2955 necessest

144 2984 297 3046 intervalla
320 2988 453 3065 viasque,
476 2985 619 3046 foramina
643 3002 717 3063 quae
739 2982 943 3062 perhibemus,
1040 3003 1079 3044 coo

144 3072 283 3134 omnibus
304 3076 336 3133 in
358 3072 501 3134 membris
523 3076 607 3133 etin
630 3090 681 3133 ore
704 3075 827 3151 ipsoque
850 3070 959 3150 palato:

71 3178 124 3228 666
144 3180 211 3222 6666
234 3164 349 3222 minora
372 3164 463 3240 igitur
485 3161 628 3240 quaedam
650 3163 819 3239 maioraque
843 3159 963 3239 dehent,

72 3268 127 3317 651
144 3268 211 3310 esse
232 3253 378 3329 triquetra
401 3249 479 3330 aliis,
506 3249 570 3309 aliis
594 3249 734 3328 quadrata
757 3255 920 3327 necessest,

142 3338 235 3399 multa
258 3339 398 3419 rutunda,
421 3337 517 3398 modis
539 3337 641 3398 multis
664 3335 842 3415 multangula
866 3334 1015 3414 quaedam.

143 3445 271 3506 namque
294 3428 455 3506 figurarum
477 3428 551 3486 ratio
574 3433 607 3486 ut
630 3433 786 3505 motusque
809 3430 981 3504 reposcunt,
1039 3443 1078 3485 aas

143 3515 267 3595 proinde
290 3515 483 3575 foraminibus
507 3513 615 3574 debent
638 3514 756 3574 dillerre
780 3515 902 3592 figurae,

123 3626 269 3667 Loonnrms.
283 3625 318 3666 ed.
331 3626 458 3677 Brlegor.
847 3616 863 3665 8
