2484 3800
577 128 618 183 m
1058 134 1098 197 81

160 293 239 355 quos
262 282 330 336 ante
354 277 386 335 in
408 277 508 335 nervis
532 279 615 337 etin
639 278 704 355 ipso
728 296 861 357 corpore
874 279 985 357 agebat.
1061 302 1103 343 oro

161 382 255 443 quare
280 366 369 424 etiam
391 369 480 441 atque
503 365 591 423 etiam
614 364 743 426 resoluto
768 369 909 444 corporis.
924 370 1004 428 omni

79 470 139 519 575
159 453 295 530 tegmine
318 458 349 512 et
371 452 474 512 eiectis
498 458 580 511 11111
603 451 741 513 vitalibus
764 456 843 514 auris

161 538 289 613 dissolui
312 556 419 599 sensus
442 540 533 599 animi
554 540 664 601 fateare
687 549 839 602 necessest

161 635 262 707 atque
276 629 417 706 animam,
440 628 578 706 quoniam
601 630 785 689 coniunctast
807 648 895 690 causa
918 630 1040 693 duobus.

207 715 343 794 Denique
366 732 435 774 cum
457 732 565 793 corpus
587 723 716 795 nequeat
737 716 869 795 perferre
894 720 1002 779 animai
1059 740 1099 783 aec

162 803 336 882 discidium,
360 805 432 881 quin
454 804 487 862 in
509 809 602 862 taetro
625 803 756 864 tabescat
778 804 881 885 odore,

82 910 141 960 510
162 892 235 971 quid
260 890 378 951 dubitas
402 891 474 968 quin
497 908 534 949 ex
556 892 626 949 imo.
638 894 815 970 penitusque
839 901 938 953 coorta

162 980 310 1041 emanarit
332 979 377 1038 uti
399 978 508 1038 tumusv
521 978 628 1038 diffusa
651 981 774 1040 animae
787 982 844 1061 vis,

161 1076 253 1146 atque
276 1066 344 1126 ideo
367 1072 448 1125 tanta
469 1072 625 1126 mutatum.
637 1073 733 1145 putre.
746 1070 832 1129 ruina

160 1155 329 1216 conciderit
351 1171 472 1233 corpus,
496 1155 614 1233 penitus
639 1156 707 1233 quia
731 1164 808 1217 mota
830 1156 895 1217 loco
918 1164 989 1219 sunt
1059 1180 1098 1223 sao

159 1243 367 1321 fundamenta,
389 1241 469 1301 foras
491 1248 627 1302 manante
651 1244 747 1302 anima
771 1262 865 1322 usquc
888 1264 942 1325 per
964 1252 1045 1306 artus

83 1350 139 1400 585
159 1349 277 1411 perque
300 1332 414 1389 viarum
438 1330 535 1389 omnis
558 1329 666 1410 flexus,
689 1332 721 1390 iu
745 1349 868 1409 corpore
892 1336 943 1412 qui
966 1341 1047 1414 sunt,

131 1479 134 1484 ,
160 1427 252 1498 atque
276 1412 441 1477 foramina?
476 1416 658 1477 multimodis
680 1425 714 1479 ut
735 1436 858 1481 noscere
880 1424 977 1500 possis

161 1508 351 1586 dispertitam
374 1506 487 1565 animae
510 1511 645 1565 naturam
668 1508 766 1567 exisse
788 1527 842 1587 per
865 1517 946 1571 artus

159 1602 193 1657 et
214 1596 300 1673 prius
324 1611 390 1653 esse
414 1592 472 1652 sibi
494 1592 664 1654 distractam
687 1613 810 1674 corpore
834 1599 966 1679 inipso,
1060 1620 1099 1663 aso

159 1702 252 1763 quam
274 1681 410 1761 prolapsa
432 1680 512 1740 foras
535 1688 638 1741 1111111
659 1684 690 1742 in
714 1686 791 1743 aeris
813 1704 907 1747 auras.

83 1792 140 1841 500
159 1766 170 1855 ll
185 1773 260 1850 quin
283 1772 372 1829 etiam
395 1769 463 1827 finis
485 1768 556 1828 dum
578 1771 655 1830 vitae
677 1773 916 1854 vertitur-intra,

160 1877 251 1939 saepe
275 1857 373 1937 aliqua
394 1863 492 1917 tamen
515 1874 531 1917 e
555 1876 643 1918 causa
665 1857 805 1921 labefacta
828 1861 944 1923 videtur

159 1951 206 2009 ire
231 1949 328 2007 anima
351 1951 469 2006 111110
493 1944 569 2005 solui
591 1945 627 2006 de
651 1964 775 2025 corpore
797 1946 883 2030 uelle,

160 2043 192 2097 et
216 2037 302 2114 quasi
325 2051 463 2113 supremo
487 2032 833 2114 languesceretempcre
854 2037 963 2117 voltus,
1058 2059 1097 2100 ooo

159 2123 321 2201 molliaque
345 2122 488 2198 exsangui
511 2120 616 2181 cadere
641 2125 738 2182 omnia
761 2140 882 2201 coepere
904 2122 1043 2184 membra.

81 2231 139 2282 505
160 2212 242 2291 quod
266 2228 360 2289 genus
383 2215 443 2288 est,
466 2211 564 2268 animo
586 2208 663 2268 male
686 2210 805 2270 factum.
818 2229 885 2272 cum
906 2210 1080 2290 perhibetur

159 2306 213 2361 aut
236 2301 364 2358 animam
387 2296 522 2376 liquisse3
546 2296 597 2357 ubi
620 2299 678 2356 iam
701 2298 867 2376 trepidatur
889 2305 918 2358 et
941 2315 1043 2356 omnes

160 2394 330 2448 extremum
353 2386 477 2464 cupiunt
499 2387 576 2444 ritae
598 2385 816 2463 reprehendere
839 2384 980 2446 vinclum:

160 2480 379 2554 conquassatur
402 2474 481 2532 enim
504 2478 567 2532 tum
590 2490 675 2532 mens
698 2476 868 2550 animaeque
891 2476 1022 2550 potestas
1058 2495 1098 2534 eoo

160 2566 273 2642 omnis,
297 2562 422 2621 ethaeo
444 2562 510 2639 ipso
534 2578 601 2620 cum
624 2578 747 2639 corpore
771 2559 980 2638 conlabefiunt3

81 2670 139 2720 eoo
158 2659 194 2712 ut
217 2652 336 2729 gravior
357 2646 444 2727 paulo
467 2649 561 2725 possit
584 2647 745 2708 dissolvere
768 2666 863 2707 causa.

160 2739 233 2819 quid
258 2737 376 2798 dubitas
398 2735 518 2796 tandem
540 2737 612 2813 quin
635 2743 716 2796 extra
738 2735 854 2815 prodita
877 2750 985 2811 corpus

159 2825 300 2888 inbecilla
324 2825 416 2904 foras,
439 2825 471 2883 in
494 2829 609 2902 aperto,
632 2826 761 2902 tegmine
785 2822 917 2901 dempto,

158 2934 221 2976 non
244 2913 332 2974 modo
355 2929 416 2972 non
439 2928 556 2970 omnem
577 2913 673 2988 possit
696 2912 801 2971 durare
824 2928 880 2987 per
901 2924 1015 2986 aevom,
1060 2933 1101 2973 ⁶05

160 3003 213 3064 sed
241 3003 399 3062 minimum
427 2998 550 3078 quodvis
577 2992 1086 3076 110111111111111111111111111

82 3109 139 3159 601
158 3109 217 3152 nec
241 3089 299 3150 sibi
323 3091 403 3148 enim
427 3089 582 3166 quisquam
603 3089 735 3146 moriens
759 3087 870 3144 sentire
894 3080 1011 3141 videtur

81 3188 87 3198 '
119 3230 132 3240 ..
158 3182 205 3240 ire
229 3179 310 3237 foras
333 3178 460 3236 animam
483 3172 661 3234 incolumem
684 3173 720 3234 de
744 3174 968 3251 corporatam,

159 3285 217 3327 neo
240 3267 326 3345 prius
349 3263 385 3324 ad
408 3261 541 3340 iugulum
565 3268 594 3321 et
617 3279 739 3340 superas
763 3259 923 3321 succedere
947 3253 1066 3338 fauces,

157 3373 264 3414 verum
288 3352 415 3412 deiicere
437 3353 469 3410 in
492 3355 572 3409 certa
594 3353 714 3428 regione
737 3349 875 3426 locatam3
1067 3370 1111 3413 cro

157 3449 193 3504 ut
216 3458 324 3502 sensus
347 3438 421 3499 alios
443 3439 574 3515 inparti
596 3455 742 3517 quemque
766 3455 817 3496 sua
841 3434 899 3494 scit

137 3553 287 3594 nummus.
300 3549 336 3590 ed.
349 3547 476 3597 Brioger.
865 3537 881 3585 6
