2484 3800
152 143 216 207 108
638 139 677 193 IV

149 305 205 356 436
219 306 288 349 nam
311 304 512 365 quaecumque
535 304 625 365 supra
647 302 746 345 rorem
769 283 839 345 salis
863 284 942 344 edita
964 301 1034 362 pars
1056 288 1104 341 est

221 393 384 455 remorum,
405 382 528 454 rectast,
551 382 581 434 et
603 382 684 434 recta
707 390 835 452 superne
858 372 1004 451 guberna:

222 482 297 542 qnae
320 463 455 523 demersa
476 462 623 541 liquorem
645 461 768 541 obeunt,
791 460 917 520 refracta
939 460 1076 520 videntur
1117 479 1158 518 aro

222 554 320 611 omnia
342 553 474 611 converti
496 568 674 629 sursumque
697 552 803 628 supina
825 550 936 608 reverti

152 656 203 705 tao
223 646 254 699 et
275 639 384 699 reflexa
405 656 498 717 prope
520 640 552 697 in
574 656 690 699 summo
713 638 829 697 fluitare
852 636 977 715 liquore.

151 744 205 794 441
221 745 344 806 raraque
367 744 422 805 per
444 725 557 787 caelum
580 744 649 786 oum
671 727 752 785 venti
773 724 875 785 nubila
897 730 1019 803 portant

221 823 355 894 tempore
377 822 535 895 noctmno,
557 822 620 874 tum
643 813 796 892 splendida
819 815 902 891 signa
925 811 1064 871 videntur

223 903 316 963 labier
337 902 493 963 adversum
515 901 632 962 nimbos
655 909 742 981 atque
764 904 809 961 ire
833 918 960 979 superne
1118 917 1156 957 co

224 991 311 1069 longe
333 990 419 1050 aliam
442 993 475 1050 in
496 997 611 1069 partem
633 1008 667 1050 ac
689 1008 758 1050 vera
780 991 894 1049 ratione
917 988 1061 1048 ienmtur.

153 1096 205 1146 430
224 1087 253 1139 at
276 1081 303 1139 si
324 1078 400 1139 forte
423 1077 508 1139 oculo
530 1096 634 1138 manus
656 1080 710 1138 uni
732 1076 850 1137 subdita
872 1083 976 1155 supter

153 1184 208 1234 446
225 1169 335 1247 pressit
357 1184 438 1246 eum,
462 1166 589 1245 quodam
611 1184 701 1226 sensu
723 1166 756 1225 tit
779 1167 824 1225 uti
845 1164 1002 1224 rideantur

224 1258 322 1314 omnia
344 1272 419 1333 quae
441 1256 553 1314 tuimur
575 1254 641 1313 lieri
663 1260 726 1313 tum
749 1252 818 1313 bina
840 1252 964 1332 tuendo,

223 1342 292 1403 bina
315 1342 502 1403 lucernamm
522 1341 659 1401 tlorentia
681 1340 792 1401 lumina
813 1340 954 1421 flammis,
1120 1360 1160 1400 no

223 1430 351 1509 binaque
373 1436 526 1508 perlatas
548 1428 630 1489 aedis
653 1430 804 1506 geminare
826 1427 972 1508 supellex,

155 1535 206 1583 435
225 1526 255 1578 et
277 1517 403 1596 duplicis
425 1517 578 1577 hominum
601 1517 692 1577 iacies
715 1522 745 1576 et
767 1534 890 1595 corpora
913 1514 991 1575 bina.

154 1622 205 1672 454
223 1605 351 1683 denique
374 1623 442 1665 cum
463 1607 546 1665 suari
568 1604 701 1664 devinxit
721 1602 853 1665 membra
877 1621 984 1681 sopore

226 1710 346 1752 somnus
370 1700 399 1752 et
420 1695 453 1752 in
475 1711 588 1752 summa
611 1710 719 1771 corpus
741 1693 818 1752 iacet
840 1708 926 1751 omne
950 1692 1065 1771 quiete,

226 1787 288 1840 tum
311 1778 432 1857 vigilare
453 1787 553 1840 tamen
574 1778 660 1839 nobis
684 1787 714 1839 et
735 1778 868 1839 membra
890 1796 1010 1839 movere
1122 1800 1162 1839 aaa
1213 1798 1219 1812 ·

226 1874 327 1929 nostra
348 1866 495 1948 ridemur,
518 1875 548 1929 et
570 1869 602 1928 in
624 1868 720 1928 noctis
742 1865 867 1945 caligine
890 1884 978 1927 caeca

156 1973 208 2022 440
226 1973 349 2016 cernere
372 1973 526 2016 censemus
550 1955 643 2016 solem
668 1955 825 2034 lumenque
849 1955 1003 2035 diurnum,

156 2061 211 2111 456
225 2043 421 2122 conclusoque
444 2042 508 2103 loco
531 2043 644 2103 caelum
666 2061 747 2103 mare
769 2043 891 2103 flumina
913 2044 1025 2102 montis

226 2139 340 2191 mutare
363 2137 394 2191 ct
415 2148 533 2209 campos
556 2129 680 2209 pedibus
705 2132 831 2190 transire
854 2130 1003 2211 videmur,

227 2226 257 2279 et
279 2220 393 2278 sonitus
415 2218 531 2299 audire,
554 2236 656 2278 severa
679 2217 794 2278 silentia
816 2221 913 2278 noctis
1123 2240 1161 2280 roo

225 2306 357 2385 undique
380 2323 448 2366 cum
470 2312 617 2385 constent,
641 2312 670 2364 et
692 2305 816 2365 reddere
840 2305 919 2366 dicta
940 2312 1084 2366 tacentes.

156 2412 208 2461 445
228 2402 325 2454 cetera
348 2394 385 2453 de
408 2411 516 2471 genere
538 2393 594 2453 hoc
616 2392 758 2453 miracula
780 2393 872 2453 multa
893 2393 1045 2474 ridemus,

156 2499 210 2548 461
227 2500 301 2560 quae
324 2480 433 2540 violare
455 2480 544 2540 fidem
567 2483 652 2558 quasi
674 2480 810 2542 sensibus
834 2483 933 2542 omnia
955 2487 1115 2562 quaerunt,

227 2571 418 2648 nequiquam,
441 2570 579 2646 quoniam
601 2586 669 2646 pars
692 2568 798 2629 horum
821 2570 947 2628 maxima
970 2568 1046 2629 fallit

226 2662 348 2735 propter
371 2657 506 2734 opinatus
529 2657 632 2735 animi,
656 2673 729 2733 quos
752 2656 886 2716 addimus
910 2659 981 2736 ipsi,
1123 2677 1161 2718 roc

227 2761 281 2822 pro
304 2745 375 2803 visis
397 2750 431 2802 ut
453 2745 513 2802 sint
535 2761 609 2821 quae
632 2760 692 2802 non
715 2751 785 2803 sunt
807 2743 937 2804 sensihu'
959 2746 1035 2804 visa:

157 2847 210 2896 450
228 2849 296 2890 nam
318 2829 361 2890 nil
383 2831 499 2907 aegrius
522 2838 568 2889 est
590 2848 678 2908 quam
700 2848 750 2890 res
773 2849 930 2891 secernere
952 2839 1072 2910 apertas

157 2917 264 2984 46641)
287 2917 398 2998 dubiis,
421 2919 536 2976 animus
559 2935 632 2996 quas
655 2917 691 2978 ah
714 2935 747 2977 se
769 2921 905 2997 protinus
928 2918 1018 2979 addit.

271 3004 402 3082 Denique
425 3004 469 3064 nil
491 3006 562 3064 sciri
585 3007 679 3082 siquis
701 3012 798 3086 putat,
820 3005 851 3065 id
875 3024 992 3085 quoque
1016 3010 1111 3068 nescit

228 3110 265 3152 an
288 3094 358 3151 sciri
379 3093 487 3171 possit,
510 3094 647 3170 quoniam
670 3091 712 3152 nil
735 3094 812 3152 scire
833 3093 951 3155 latetur.
1122 3118 1160 3158 no

227 3180 306 3238 hunc
328 3180 418 3256 igitur
440 3185 542 3238 contra
565 3181 680 3240 mittam
703 3180 881 3244 contendere
905 3199 1038 3263 causam,

157 3283 209 3332 455
229 3268 281 3344 qui
303 3267 398 3342 capite
421 3268 485 3343 ipse
509 3284 561 3325 sua
584 3269 615 3326 in
639 3269 742 3327 statuit
764 3270 887 3346 vestigia
911 3287 986 3330 sese.

156 3369 208 3419 471
226 3360 256 3412 et
277 3359 377 3410 tamen
398 3350 455 3411 hoc
478 3351 594 3431 quoque
617 3357 662 3415 uti
683 3356 842 3416 concedam
861 3360 949 3438 scire,
971 3365 1002 3417 at
1020 3358 1051 3417 id
1070 3361 1160 3438 ipsum

228 3457 379 3518 quaeram,
402 3456 469 3498 cum
493 3441 524 3498 in
547 3439 637 3502 rebus
661 3446 724 3502 veri
746 3443 788 3503 nil
810 3443 919 3505 viderit
940 3452 1023 3526 ante,
