2484 3800
156 171 231 226 LXX
522 165 803 221 Pmouuuouutte.

173 315 231 387 00.
254 307 321 397 Mr.)
342 311 551 392 praenunties
577 315 648 374 eote
668 315 826 391 ponemus
845 311 1000 392 credetur,
1024 308 1180 391 Zephyre

173 403 231 475 00.
250 397 317 478 Mr.)
340 401 469 482 vestime
479 403 606 481 propter
625 409 693 462 ete:
714 400 795 463 ueris
814 394 937 484 (Bruti.)
954 398 1178 480 praenuntius

157 539 208 553 ...
226 489 371 571 eraditur
388 488 546 571 Zephyros
564 490 685 550 Pontan
703 489 815 550 MarulI
834 489 895 549 Lm.
914 489 946 550 B.
970 521 1012 532 -
1036 485 1103 550 735
1123 508 1175 567 sq.

157 578 359 659 ...rigorem
377 578 489 642 dedet:
512 577 609 641 oteres
629 572 774 661 (heemps)
846 577 951 656 Bergk.
974 595 1039 637 ann.
1062 577 1174 656 philol.

156 667 256 728 LXVII
282 664 347 730 325
444 666 525 730 redii
550 665 607 738 00.
630 665 762 746 rt'yorem
787 664 900 728 reddit:
932 662 1011 726 Flor.
1035 663 1086 727 31.
1111 665 1174 726 ΜΓ.

151 754 261 836 prodit
280 753 404 834 herens,
422 754 559 834 sequetur
578 803 584 816 .
600 803 629 816 ..
647 751 748 834 αἶθον
764 754 839 815 Lm:
861 751 926 833 eloi
944 752 1002 825 00.
1021 751 1175 833 ..atqu

156 844 262 923 Bergk.
293 843 345 904 Mr.
374 877 416 886 —
446 842 509 906 756
538 840 645 923 sulcet
676 842 734 913 00.
765 842 818 903 ΜΓ.
846 839 943 922 focluti
970 841 1033 902 Lm.
1060 841 1092 902 B.
1123 876 1173 884 —

158 931 221 995 778
240 930 312 994 tede
327 928 385 994 Ioee‘
402 929 587 996 neomuto
603 928 705 994 suerio
722 929 837 992 meooc't
857 932 892 992 ot.
912 930 948 990 VI
968 927 1031 992 755
1047 929 1175 991 notura

157 1017 215 1083 looe‘
241 1037 316 1099 opes
345 1018 440 1100 effita't
465 1027 495 1082 et
522 1039 611 1100 supra
637 1039 666 1099 p.
689 1019 779 1079 XVIII
796 1037 839 1098 sq.
893 1015 1039 1080 ceraue
1063 1016 1174 1080 saeua

158 1109 216 1181 00.
240 1109 293 1169 sed
316 1108 450 1170 mortalia
473 1109 569 1170 saecla
592 1116 662 1169 suut
682 1108 830 1188 homines,
855 1114 886 1167 et
906 1107 1060 1166 hominum
1082 1115 1173 1167 ortus

157 1199 235 1259 iutra
267 1197 385 1257 demum
416 1204 566 1278 narratur,
598 1203 629 1257 et
659 1214 764 1256 eorum
794 1213 869 1274 quae
899 1193 948 1256 hie
980 1195 1052 1261 dicit
1078 1203 1172 1274 poeta

158 1285 321 1348 saeclorum
338 1282 496 1363 prompto
519 1285 654 1345 volucres
681 1291 762 1345 ortae
785 1284 931 1344 dicuntur.
972 1285 1068 1343 sensit
1089 1283 1171 1343 diffi-

158 1374 296 1435 cultatem
314 1372 528 1453 Lachmannus,
547 1372 598 1432 sed
617 1371 692 1432 nihil
708 1372 843 1451 profecit,
866 1390 935 1432 cum
956 1389 1076 1431 versum
1100 1369 1169 1432 792

158 1465 223 1524 tum
241 1458 297 1522 teet
314 1463 397 1522 terro
414 1458 627 1539 dedetpcost'm
644 1454 800 1543 (primvm
813 1453 887 1542 00.)
904 1456 1050 1521 ceratia
1065 1456 1172 1521 saeclo

158 1548 293 1611 scribens
316 1550 455 1627 corrupit.
479 1581 522 1591 —
547 1546 610 1610 796
625 1567 668 1626 sq.
699 1550 791 1609 oeteo
812 1545 972 1627 refector
988 1547 1034 1608 B.:
1065 1551 1170 1610 aemes

159 1637 217 1708 00.
240 1638 342 1698 aestus
364 1635 426 1696 Lm.
445 1636 497 1696 Mr.
517 1670 559 1678 —
578 1633 643 1698 823
666 1634 747 1714 quoe
767 1626 929 1699 moltiori
952 1630 1070 1718 (poeto
1090 1632 1169 1720 00.)

158 1727 287 1804 nequeat
311 1724 404 1784 Bentl.
432 1727 563 1806 egregie,
584 1723 687 1802 posset
711 1722 792 1803 quod
816 1741 879 1786 non
905 1720 976 1786 reite
1000 1727 1072 1786 onte
1093 1725 1170 1796 OQ:

158 1812 240 1895 quod
254 1815 326 1892 pote
347 1810 395 1874 ott
413 1860 419 1872 .
436 1857 465 1872 ..
487 1811 563 1894 Lm,
591 1815 676 1892 quasi
697 1813 754 1872 hoc
770 1815 842 1892 pote
863 1830 917 1891 pro
945 1813 1076 1892 perfecto
1100 1832 1170 1874 esse

158 1904 262 1982 possit.
294 1902 351 1962 alia
380 1900 415 1962 oi.
446 1920 489 1981 ap.
518 1902 588 1963 Poll.
620 1920 687 1963 ann.
718 1900 834 1963 Lucret.
863 1899 945 1980 quod
968 1899 1083 1981 poterit
1116 1920 1171 1964 ne·

158 1988 232 2069 quet,
251 1992 286 2051 ut
297 1988 404 2070 posset,
423 1990 501 2068 quod
519 1990 597 2051 haud
616 1992 678 2051 seio
697 2008 735 2050 an
757 1990 880 2051 latiuum
902 2008 963 2050 non
985 1992 1033 2071 sit,
1050 1990 1104 2050 Mr.
1126 2026 1170 2033 -

159 2076 224 2139 826
246 2076 490 2158 oedroyyoum,
513 2072 769 2160 ceterorumque
789 2094 844 2139 nec
865 2080 982 2153 etam,
1008 2079 1172 2157 citroque

158 2168 318 2241 retractem,
347 2184 383 2227 ex
411 2184 446 2227 eo
475 2167 552 2245 quod
582 2174 647 2227 erat
672 2164 890 2246 moyerem,
917 2164 998 2228 ieter
1023 2167 1172 2245 unusque

159 2249 254 2338 (ieter
282 2248 424 2338 emaque)
451 2271 505 2316 uec
530 2256 692 2333 umorque
716 2256 880 2333 eoumque
904 2256 1053 2317 remotaene
1075 2255 1170 2315 Lach-

159 2362 285 2405 mannus
308 2344 415 2423 effecit,
433 2341 632 2422 pulcherrima
655 2342 868 2424 emendatione,
890 2344 950 2403 nisi
973 2342 1051 2421 quod
1073 2341 1170 2405 Inter-

158 2434 303 2512 utrasque
325 2432 456 2510 mutavit,
480 2430 515 2491 cf.
539 2431 575 2491 ad
597 2430 615 2490 l.
639 2430 676 2490 VI
699 2426 773 2493 518.
797 2463 839 2473 —
863 2428 928 2494 838
951 2448 994 2509 sq.
1013 2478 1020 2491 .
1036 2478 1042 2490 .
1058 2477 1064 2490 .
1082 2431 1170 2510 qeni-

159 2516 238 2581 tolt'u
251 2566 258 2579 .
273 2566 279 2579 .
295 2566 301 2579 .
318 2536 379 2597 per
395 2520 483 2579 ortes
504 2516 626 2579 semino
646 2535 715 2597 qua
731 2516 856 2597 possim
871 2516 1016 2581 oternbrr‘s
1037 2536 1170 2582 menore

158 2605 295 2669 remissa
326 2606 388 2667 Lm.
415 2606 461 2666 B.:
490 2623 552 2684 qua
580 2605 640 2677 00.
671 2608 849 2685 impressum
881 2607 973 2689 volui,
1004 2625 1065 2667 non
1091 2624 1171 2685 quoe

161 2694 240 2774 quod
262 2693 460 2755 Wakefieldus
483 2696 610 2773 sorIpsit.
656 2693 762 2773 pabula
788 2697 868 2755 enim
895 2713 961 2756 esse
987 2694 1110 2775 debent,
1138 2705 1172 2758 ut

160 2789 353 2843 concrescant
385 2784 498 2843 semina
529 2782 684 2864 membris,
716 2784 752 2844 cI.
779 2782 816 2843 IV
845 2781 929 2846 1236
957 2801 1035 2865 sqq,
1062 2783 1171 2846 deinde

161 2888 235 2949 opus
267 2876 313 2930 est
344 2869 551 2952 foraminibus,
584 2870 692 2949 quihus
726 2889 762 2932 ex
794 2889 918 2951 corpore
954 2874 1066 2932 remitti
1102 2892 1172 2952 pos·

161 2961 229 3019 sint.
275 2957 435 3019 absurdum
462 2960 542 3019 enim
569 2965 616 3019 est
642 2958 715 3019 Illud
741 2957 885 3022 membres
911 2977 1041 3021 muare
1061 2960 1172 3023 remeo

159 3044 205 3108 sis
237 3046 385 3126 codicum,
421 3046 499 3125 quod
530 3046 584 3107 ΜΓ.
615 3046 758 3125 probavit.
806 3044 1025 3127 11841-864
1049 3046 1061 3127 I
1087 3050 1171 3111 Bkm

161 3152 230 3194 nam
248 3151 387 3194 versuum
406 3131 580 3197 824-841
606 3141 636 3194 et
655 3133 828 3198 865-911
853 3139 1016 3198 sententiae
1039 3140 1119 3199 iuter
1140 3158 1172 3199 se

154 3222 314 3300 oppositae
331 3228 412 3281 sunt:
430 3229 566 3300 portenta
580 3226 691 3283 creavit
704 3232 820 3284 natura:
842 3231 998 3285 centauros
1011 3244 1071 3285 non
1090 3246 1173 3287 crea·

161 3312 211 3370 vit.
233 3342 274 3350 —
294 3307 357 3370 867
369 3328 412 3388 sq.
425 3311 561 3388 potestas
573 3308 646 3371 ictuc
658 3308 746 3373 illiue
752 3313 890 3389 partie
906 3315 942 3374 ut
953 3330 1016 3374 ooo
1027 3331 1093 3391 por
1110 3332 1174 3377 esse

156 3394 296 3475 potierit:
316 3443 366 3457 ...
380 3413 446 3475 por
458 3395 505 3458 ot's
523 3399 559 3457 ut
574 3396 617 3457 se't
628 3416 708 3475 porc
725 3416 788 3461 esse
805 3398 836 3459 0.
853 3447 859 3459 .
876 3446 881 3459 .
898 3447 904 3460 .
917 3419 982 3479 por
994 3399 1042 3461 uis
1059 3404 1096 3463 tet
1110 3421 1175 3464 corr

162 3486 214 3545 set
224 3500 305 3563 porc
324 3484 356 3555 0.
368 3482 474 3563 pertis
491 3487 527 3546 ot
542 3481 572 3545 si
583 3502 649 3563 por
663 3533 669 3545 .
685 3534 691 3546 .
707 3534 712 3546 .
732 3487 793 3546 Lm.
803 3484 920 3563 omittis
938 3491 975 3549 ut
990 3506 1052 3551 eon
1068 3507 1176 3569 oepe-
