2484 3800
562 169 575 222 Ι
1029 170 1069 232 11

51 324 113 374 300
130 335 202 377 nam
225 319 252 376 si
274 315 478 377 tantundemst
500 318 531 376 in
554 317 638 377 15555
661 316 791 395 glomere
815 325 957 396 quantum

52 413 107 462 355
131 407 267 484 corporis
290 407 323 464 in
344 403 504 486 plumhost,
526 406 700 465 tantundem
723 405 853 483 pendere
875 424 930 485 par
952 412 1010 486 est,
1031 419 1072 459 888

131 495 267 572 corporis
295 493 454 553 officiumst
481 495 619 572 quoniam
642 511 779 572 premere
802 496 900 554 omnia
922 494 1071 574 deorsum,

133 589 237 642 contra
260 587 358 642 autem
381 588 486 642 natura
509 587 608 641 manet
631 582 695 641 sine
718 581 849 660 pondere
871 584 976 643 inanis.

134 688 204 748 ergo
229 669 309 748 quod
330 675 499 747 magnumst
520 687 613 748 aeque
637 668 789 748 leviusque
811 670 941 752 videtur,

54 764 116 815 365
132 760 288 838 nimirum,
311 757 378 836 plus
402 775 467 818 esse
491 756 549 817 sibi
572 757 700 818 declarat
722 760 832 818 inanis:
1032 770 1072 812 ooo

54 854 113 903 360
132 853 163 906 51
185 844 290 906 contra
311 847 429 924 gravius
452 843 518 924 plus
541 847 573 905 in
596 863 628 906 se
652 849 785 925 corporis
808 864 874 906 esse

133 934 252 995 dedicat
275 941 305 994 et
327 932 419 994 multo
442 935 528 993 vacui
549 935 648 994 minus
671 936 752 994 intus
774 933 892 994 habere.

133 1029 180 1083 est
201 1025 308 1103 igitur,
330 1023 485 1102 nimirum,
508 1021 537 1082 id
562 1021 641 1100 quod
663 1024 778 1083 ratione
801 1023 899 1100 sagaci

134 1113 319 1190 quaerimus,
342 1110 504 1172 admixtum
526 1109 629 1190 roboc,
653 1110 731 1188 quod
755 1112 842 1170 inane
865 1126 1011 1170 vocamus.

58 1205 118 1258 370
178 1198 254 1259 lllud
277 1201 309 1258 in
330 1198 378 1258 his
401 1196 491 1258 rebus
514 1215 552 1258 ne
574 1204 604 1257 te
627 1197 774 1258 deducere
796 1215 866 1258 vero
1032 1211 1073 1251 888

59 1295 114 1346 355
132 1290 242 1366 possit,
265 1286 344 1365 quod
367 1286 487 1364 quidam
510 1286 637 1366 lingrmt,
659 1303 852 1364 praecurrere
875 1302 972 1364 cogor.

133 1375 242 1436 cedere
266 1376 461 1453 squamigeris
483 1373 585 1434 latices
608 1373 773 1434 nitentibus
796 1376 878 1435 aiunt

135 1471 167 1524 et
188 1462 315 1541 liquidas
339 1465 454 1541 aperire
477 1463 552 1543 vias,
576 1464 645 1540 quia
667 1468 736 1540 post
757 1462 821 1523 loca
843 1464 942 1541 pisces

81 1565 92 1584 ’
133 1551 283 1632 linquant,
306 1569 364 1630 quo
385 1552 502 1630 possint
524 1550 664 1611 cedentes
687 1550 837 1611 confluere
859 1550 968 1632 undae3
1034 1561 1073 1603 888

62 1648 119 1700 375
136 1642 181 1700 sic
203 1639 276 1699 alias
301 1656 417 1717 quoque
440 1656 490 1698 res
513 1640 591 1698 inter
614 1657 646 1698 se
668 1657 758 1718 posse
780 1640 893 1699 moveri

63 1738 116 1787 310
136 1735 166 1789 51
188 1734 304 1788 mutare
326 1726 438 1807 locum,
461 1728 593 1804 quamvis
617 1729 678 1786 sint
700 1729 797 1787 omnia
819 1727 914 1806 plena.

136 1816 265 1896 scilicet,
288 1815 319 1875 id
341 1814 413 1875 lalsa
436 1821 531 1874 totum
553 1815 667 1875 ratione
690 1822 881 1894 receptumst.

136 1924 204 1966 nam
229 1922 288 1983 quo
311 1906 491 1983 squamigeri
513 1910 654 1982 poterunt
675 1904 837 1982 procedere
860 1903 991 1986 taudem,

136 1996 168 2054 ni
191 1996 320 2071 spatium
343 1991 479 2053 dederint
501 1988 626 2051 latices?
662 1992 825 2052 concedere
847 2010 936 2070 porro
976 2031 978 2034 -

63 2092 120 2142 380
138 2100 196 2161 quo
219 2086 361 2161 poterunt
381 2079 496 2161 undae,
520 2098 587 2139 oum
609 2082 708 2159 pisces
729 2082 775 2139 ire
798 2077 984 2158 nequibunt?
1034 2093 1074 2133 888

63 2178 116 2229 315
137 2177 188 2230 551
209 2171 301 2248 igitur
323 2175 405 2228 motu
428 2167 633 2246 privandumst
654 2185 779 2246 corpora
801 2186 948 2248 quaeque,

138 2265 188 2318 551
210 2275 278 2317 esse
300 2256 462 2317 admixtum
484 2254 676 2316 dicundumst
697 2254 786 2315 rebus
809 2258 910 2336 inane,

137 2346 217 2407 unde
240 2346 347 2405 initum
369 2346 499 2424 primum
522 2346 617 2422 capiat
639 2361 688 2403 res
711 2361 845 2422 quaeque
868 2342 1014 2402 movendi.

136 2440 289 2513 postremo
312 2432 369 2493 duo
393 2431 430 2492 de
453 2449 600 2492 concursu
622 2449 747 2509 corpora
768 2430 826 2491 1515

63 2529 120 2581 385
137 2524 164 2582 si
187 2524 246 2582 cita
269 2519 427 2600 dissiliant,
449 2536 555 2598 nempe
579 2524 631 2579 adr
653 2537 739 2579 omne
762 2525 926 2599 necessest,
1035 2529 1074 2571 888

63 2612 217 2670 38015155·
239 2626 364 2687 corpora
387 2607 464 2687 quod
487 2608 550 2687 fiat,
572 2607 704 2686 possidat
726 2610 826 2668 inane:

137 2700 165 2758 is
187 2715 278 2777 porro
301 2699 434 2775 quamvis
457 2698 569 2755 circum
592 2694 790 2757 celerantibus
813 2697 893 2756 auris

139 2785 282 2865 conlluat,
304 2784 382 2845 haud
405 2785 516 2863 poterit
538 2790 637 2843 tamen
659 2802 718 2844 uno
741 2792 874 2862 tempore
895 2789 991 2844 totum

138 2872 282 2953 compleri
306 2874 447 2951 spatium:
469 2889 537 2931 uam
559 2874 689 2950 primum
713 2890 858 2951 quemque
882 2876 1035 2931 necessest

63 2970 122 3023 390
136 2967 263 3040 occupet
281 2960 330 3020 ille
354 2959 464 3039 locum,
487 2959 593 3020 deinde
617 2963 715 3020 omnia
737 2961 952 3039 possideantur.
1036 2970 1076 3010 888

63 3050 218 3129 estquod
242 3050 269 3108 si
292 3048 368 3108 forte
391 3047 511 3127 aliquis,
537 3066 604 3107 oum
628 3066 751 3127 corpora
773 3047 944 3128 dissiluere,

137 3146 203 3198 tum
225 3142 311 3215 putat
334 3135 363 3196 id
388 3137 454 3195 lieri
477 3137 545 3213 quia
568 3154 600 3195 se
624 3136 802 3197 condenseat
824 3140 889 3216 aer,

139 3232 233 3287 errat:
257 3242 325 3284 nam
347 3240 472 3283 vacuum
494 3229 557 3283 tum
579 3224 713 3302 fit·quod
737 3242 797 3285 non
820 3224 876 3284 luit
898 3228 979 3302 aute,

138 3321 169 3375 et
191 3312 325 3392 repletur
347 3313 420 3371 item
442 3328 565 3371 vacuum
589 3312 667 3390 quod
690 3314 824 3374 constitit
846 3316 926 3390 5515,

63 3400 121 3463 395
134 3420 192 3464 nec
215 3400 268 3462 tali
290 3401 404 3461 ratione
427 3405 525 3478 potest
548 3399 702 3462 denserier
724 3406 788 3483 aer,
1038 3407 1078 3449 ³⁹⁶

64 3501 207 3572 390555,
232 3492 257 3550 si
280 3492 339 3550 iam
362 3494 476 3569 posset,
499 3489 563 3549 sine
587 3492 669 3551 inani
690 3499 805 3573 posset,
828 3489 946 3567 opinor,
