2484 3800
197 164 260 228 192
677 159 716 216 VI

267 306 403 369 manibus
425 313 459 367 ut
481 308 507 367 si
530 308 590 366 siut
612 306 687 366 divis
709 311 835 367 mactata
855 314 987 384 repente.

198 405 254 456 780
270 397 367 456 omnia
391 412 464 473 quoe
487 394 613 455 naturali
636 396 749 454 ratione
771 401 927 473 geruntur,

268 491 298 545 et
321 482 428 561 quibus
450 500 467 543 e
489 483 561 543 flant
583 483 681 542 causis
703 488 824 560 apparet
845 483 941 560 origo:

200 587 250 638 755
269 574 356 631 ianua
378 578 415 631 ne
437 570 513 631 forte
535 570 581 629 his
605 568 676 630 Orci
696 569 867 648 regionibus
890 588 956 630 osse

269 659 418 740 credatur,
440 658 598 737 posthinc
620 659 733 718 animas
754 656 930 718 Acheruntis
952 659 984 717 in
1007 675 1075 718 oras

270 747 377 807 ducere
400 747 475 807 iorte
498 745 568 805 deos
591 747 686 805 manis
708 745 823 806 inferne
846 763 977 825 reamur,

200 841 255 893 755
271 834 392 896 naribus
415 833 544 913 alipedes
566 840 601 893 ut
622 835 703 893 cervi
725 851 812 912 saepe
833 840 974 911 putantur
1163 855 1199 895 ru

269 923 376 983 ducere
400 922 436 982 de
459 920 579 981 latebris
602 923 751 1000 serpentia
773 920 868 981 saecla
890 921 1027 981 ferarum.

200 1027 251 1077 760
270 1010 348 1090 quod
370 1009 473 1089 procul
496 1027 512 1069 a
535 1026 602 1069 vera
626 1026 714 1087 quam
736 1010 776 1069 sit
797 1011 910 1069 ratione
932 1007 1086 1088 repulsum

269 1101 401 1178 percipe:
424 1115 491 1158 uam
514 1096 551 1157 de
574 1114 606 1157 re
628 1115 708 1157 nuuc
730 1098 794 1175 ipsa
820 1096 918 1158 dicere
942 1115 1042 1157 conor.

312 1186 460 1265 Principio
483 1185 539 1244 hoc
561 1184 641 1264 dico,
664 1185 741 1263 quod
764 1183 826 1244 dixi
848 1202 936 1264 saepe
959 1202 1078 1263 quoque
1101 1192 1181 1264 ante,

200 1277 301 1335 woin
322 1282 402 1335 terra
424 1275 567 1352 cuiusque
589 1272 670 1332 modi
692 1290 793 1332 rerum
815 1290 881 1333 esse
903 1273 1025 1353 figuras;
1162 1294 1198 1334 uo

270 1362 373 1442 multa,
396 1360 461 1422 cibo
484 1378 559 1439 quae
583 1366 665 1440 sunt,
687 1359 799 1441 vitalia,
820 1359 984 1441 multaque,
1005 1360 1128 1421 morbos
1226 1351 1227 1360 ’

201 1465 251 1515 765
270 1453 403 1511 incutere
426 1456 455 1509 et
477 1455 602 1509 mortem
625 1466 699 1527 quae
721 1450 837 1527 possint
857 1447 1034 1509 adcelerare.

271 1546 301 1599 et
322 1540 415 1616 magis
438 1555 504 1597 esse
526 1536 591 1596 aliis
613 1535 686 1596 alias
708 1534 904 1596 animantibus
926 1543 1010 1615 aptas

270 1644 319 1686 res
342 1625 377 1685 ad
400 1626 471 1685 vitai
493 1626 637 1685 rationem
660 1624 842 1684 ostendimus
864 1631 932 1684 ante

201 1721 255 1772 775
270 1719 392 1794 propter
414 1712 587 1773 dissimilem
608 1719 743 1772 naturam
765 1711 974 1790 dissimilisque
1163 1737 1197 1776 ru

270 1808 401 1861 texturas
424 1802 501 1860 inter
523 1818 589 1860 sese
611 1802 781 1880 primasque
803 1800 920 1877 figuras.

202 1905 253 1956 770
314 1887 425 1949 Deinde
448 1887 548 1950 videre
570 1887 641 1949 licet
658 1906 744 1967 quam
763 1886 872 1949 multae
890 1889 950 1948 sint
966 1887 1083 1950 bomini
1101 1908 1150 1950 res
1162 1913 1197 1952 ror

201 1984 256 2036 787
270 1980 378 2038 acriter
399 1977 523 2036 infestae
546 1994 636 2037 sensu
658 1993 839 2055 spurcaeque
862 1994 1037 2057 gravesque3
1162 2001 1197 2040 ror

202 2072 256 2124 777
270 2065 362 2125 multa
383 2071 482 2125 meant
503 2065 622 2124 inimica
643 2067 700 2142 per'
720 2065 814 2145 auris,
826 2062 927 2126 ‚multa
948 2082 1003 2142 por
1024 2067 1107 2143 ipsas
1163 2089 1198 2129 ru

270 2155 421 2214 insinuant
442 2152 652 2234 naris'iniesta
675 2159 762 2230 atque
783 2169 888 2230 aspera
913 2169 992 2232 sese,
1225 2224 1226 2229 γ

271 2259 326 2301 nec
349 2248 418 2301 sunt
439 2239 531 2300 multa
552 2257 656 2318 parum
678 2246 758 2300 tactu
781 2239 897 2299 vitanda
920 2258 1015 2318 neque
1038 2248 1139 2302 autem
1225 2232 1226 2299 j

201 2344 252 2396 775
271 2335 392 2407 aspectu
413 2326 551 2406 fugienda
573 2345 736 2405 saporeque
758 2328 855 2388 tristia
877 2345 952 2406 quae
975 2330 1043 2388 sint.
1163 2352 1199 2392 roo

201 2423 257 2476 783
270 2415 425 2476 arboribus
446 2417 575 2494 primum
597 2416 688 2475 certis
710 2416 806 2493 gravis
828 2414 932 2475 umbra
954 2415 1066 2476 tributa
1163 2440 1198 2480 us

270 2522 364 2582 usque
387 2503 473 2584 adeo,
496 2503 599 2581 capitis
621 2502 730 2562 faciant
750 2510 785 2562 ut
806 2521 893 2581 saepe
917 2502 1047 2585 dolores,

201 2599 256 2650 785
273 2593 366 2670 siquis
390 2609 439 2652 eas
463 2597 564 2669 supter
586 2591 676 2650 iacuit
697 2597 861 2668 prostratus
884 2590 1047 2652 inberbis.
1163 2616 1199 2655 ru
1225 2588 1226 2675 i

271 2687 316 2740 est
338 2681 425 2740 etiam
447 2679 561 2756 magnis
583 2677 733 2738 Heliconis
756 2677 905 2739 montibus
927 2677 1014 2739 arbos
1109 2711 1112 2716 ·

201 2784 252 2834 780
270 2767 352 2828 doris
375 2766 464 2827 odore
486 2765 636 2826 hominem
658 2772 752 2826 taetro
774 2773 914 2827 consueta
935 2784 1049 2827 necare.

271 2855 397 2935 scilicet,
419 2855 492 2914 baec
514 2853 580 2914 ideo
603 2855 693 2914 terris
716 2872 753 2914 ex
775 2856 873 2914 omnia
896 2861 1021 2933 surgrmt

269 2942 360 3004 multa
382 2942 478 3002 modis
500 2941 601 3001 multis
624 2939 783 3001 multarum
806 2943 918 3002 semina
941 2960 1054 3022 rerum,
1224 3004 1225 3007 ,

199 3038 255 3090 790
269 3031 346 3109 quod
369 3032 514 3108 permixta
537 3031 613 3107 gerit
635 3028 722 3090 tellus
746 3029 931 3108 discretaque
953 3029 1052 3090 tradit
1164 3056 1200 3096 roo

269 3125 503 3196 nocturnumque
526 3134 639 3177 recens·
654 3119 816 3177 extinctum
837 3116 937 3178 lumen
959 3116 1011 3177 ubi
1033 3121 1098 3179 acri

199 3221 252 3272 785
269 3204 372 3264 nidore
396 3204 518 3264 offendit
539 3222 640 3286 nares,
662 3206 797 3283 consopit
819 3203 929 3266 ibidem

269 3290 423 3350 concidere
447 3297 476 3350 et
499 3309 616 3369 spumas
641 3294 692 3370 qui
713 3291 817 3353 morbo
839 3295 957 3353 mittere
980 3295 1086 3354 suevit

269 3383 459 3454 castoreoque
482 3380 562 3454 gravi
584 3378 692 3439 mulier
715 3382 809 3457 sopita
831 3380 989 3460 recumbit,
1224 3424 1225 3489 i

199 3470 253 3522 795
269 3470 298 3522 et
320 3461 454 3523 manibus
477 3464 602 3525 nitidum
625 3468 737 3527 teucris
760 3485 834 3546 opus
857 3467 953 3529 effluit
975 3469 1016 3549 ei,
1167 3495 1203 3536 us
